[
	{
		"id" : 1,
		"created_at" : null,
		"updated_at" : null,
		"title" : "Avatar",
		"awards" : 3,
		"release_date" : "2010-10-04 00:00:00",
		"length" : 120,
		"genre_id" : 5,
		"revenue" : 0,
		"director_id" : 1
	},
	{
		"id" : 2,
		"created_at" : null,
		"updated_at" : null,
		"title" : "Titanic",
		"awards" : 11,
		"release_date" : "1997-09-04 00:00:00",
		"length" : 320,
		"genre_id" : 3,
		"revenue" : 0,
		"director_id" : 1
	},
	{
		"id" : 3,
		"created_at" : null,
		"updated_at" : null,
		"title" : "La Guerra de las galaxias: Episodio VI",
		"awards" : 7,
		"release_date" : "2004-07-04 00:00:00",
		"length" : null,
		"genre_id" : 5,
		"revenue" : 0,
		"director_id" : 1
	},
	{
		"id" : 4,
		"created_at" : null,
		"updated_at" : null,
		"title" : "La Guerra de las galaxias: Episodio VII",
		"awards" : 6,
		"release_date" : "2003-11-04 00:00:00",
		"length" : 180,
		"genre_id" : 5,
		"revenue" : 0,
		"director_id" : 1
	},
	{
		"id" : 5,
		"created_at" : null,
		"updated_at" : null,
		"title" : "Parque Jurasico",
		"awards" : 5,
		"release_date" : "1999-01-04 00:00:00",
		"length" : 270,
		"genre_id" : 5,
		"revenue" : 0,
		"director_id" : 1
	},
	{
		"id" : 6,
		"created_at" : null,
		"updated_at" : null,
		"title" : "Harry Potter y las Reliquias de la Muerte - Parte 2",
		"awards" : 2,
		"release_date" : "2008-07-04 00:00:00",
		"length" : 190,
		"genre_id" : 6,
		"revenue" : 0,
		"director_id" : 1
	},
	{
		"id" : 7,
		"created_at" : null,
		"updated_at" : null,
		"title" : "Transformers: el lado oscuro de la luna",
		"awards" : 1,
		"release_date" : "2005-07-04 00:00:00",
		"length" : null,
		"genre_id" : 5,
		"revenue" : 0,
		"director_id" : 1
	},
	{
		"id" : 8,
		"created_at" : null,
		"updated_at" : null,
		"title" : "Harry Potter y la piedra filosofal",
		"awards" : 1,
		"release_date" : "2008-04-04 00:00:00",
		"length" : 120,
		"genre_id" : 8,
		"revenue" : 0,
		"director_id" : 1
	},
	{
		"id" : 9,
		"created_at" : null,
		"updated_at" : null,
		"title" : "Harry Potter y la cámara de los secretos",
		"awards" : 2,
		"release_date" : "2009-08-04 00:00:00",
		"length" : 200,
		"genre_id" : 8,
		"revenue" : 0,
		"director_id" : 1
	},
	{
		"id" : 10,
		"created_at" : null,
		"updated_at" : null,
		"title" : "El rey león",
		"awards" : 3,
		"release_date" : "2000-02-04 00:00:00",
		"length" : null,
		"genre_id" : 10,
		"revenue" : 0,
		"director_id" : 1
	},
	{
		"id" : 11,
		"created_at" : null,
		"updated_at" : null,
		"title" : "Alicia en el país de las maravillas",
		"awards" : 2,
		"release_date" : "2008-07-04 00:00:00",
		"length" : 120,
		"genre_id" : 1,
		"revenue" : 0,
		"director_id" : 1
	},
	{
		"id" : 12,
		"created_at" : null,
		"updated_at" : null,
		"title" : "Buscando a Nemo",
		"awards" : 2,
		"release_date" : "2000-07-04 00:00:00",
		"length" : 110,
		"genre_id" : 7,
		"revenue" : 0,
		"director_id" : 1
	},
	{
		"id" : 13,
		"created_at" : null,
		"updated_at" : null,
		"title" : "Toy Story",
		"awards" : 0,
		"release_date" : "2008-03-04 00:00:00",
		"length" : 150,
		"genre_id" : 7,
		"revenue" : 0,
		"director_id" : 1
	},
	{
		"id" : 14,
		"created_at" : null,
		"updated_at" : null,
		"title" : "Toy Story 2",
		"awards" : 2,
		"release_date" : "2003-04-04 00:00:00",
		"length" : 120,
		"genre_id" : 7,
		"revenue" : 0,
		"director_id" : 1
	},
	{
		"id" : 15,
		"created_at" : null,
		"updated_at" : null,
		"title" : "La vida es bella",
		"awards" : 5,
		"release_date" : "1994-10-04 00:00:00",
		"length" : null,
		"genre_id" : 3,
		"revenue" : 0,
		"director_id" : 1
	},
	{
		"id" : 16,
		"created_at" : null,
		"updated_at" : null,
		"title" : "Mi pobre angelito",
		"awards" : 1,
		"release_date" : "1989-01-04 00:00:00",
		"length" : 120,
		"genre_id" : 1,
		"revenue" : 0,
		"director_id" : 1
	},
	{
		"id" : 17,
		"created_at" : null,
		"updated_at" : null,
		"title" : "Intensamente",
		"awards" : 2,
		"release_date" : "2008-07-04 00:00:00",
		"length" : 120,
		"genre_id" : 7,
		"revenue" : 0,
		"director_id" : 1
	},
	{
		"id" : 18,
		"created_at" : null,
		"updated_at" : null,
		"title" : "Carrozas de fuego",
		"awards" : 7,
		"release_date" : "1980-07-04 00:00:00",
		"length" : 180,
		"genre_id" : 1,
		"revenue" : 0,
		"director_id" : 1
	},
	{
		"id" : 19,
		"created_at" : null,
		"updated_at" : null,
		"title" : "Big",
		"awards" : 2,
		"release_date" : "1988-02-04 00:00:00",
		"length" : 130,
		"genre_id" : 8,
		"revenue" : 0,
		"director_id" : 1
	},
	{
		"id" : 20,
		"created_at" : null,
		"updated_at" : null,
		"title" : "I am Sam",
		"awards" : 4,
		"release_date" : "1999-03-04 00:00:00",
		"length" : 130,
		"genre_id" : 3,
		"revenue" : 0,
		"director_id" : 1
	},
	{
		"id" : 21,
		"created_at" : null,
		"updated_at" : null,
		"title" : "Hotel Transylvania",
		"awards" : 1,
		"release_date" : "2012-05-04 00:00:00",
		"length" : 90,
		"genre_id" : 10,
		"revenue" : 0,
		"director_id" : 1
	},
	{
		"id" : 24,
		"created_at" : "2019-07-19 17:51:22",
		"updated_at" : "2019-07-19 17:51:22",
		"title" : "La Pistola Desnuda",
		"awards" : 4,
		"release_date" : "1988-04-02 00:00:00",
		"length" : 129,
		"genre_id" : 1,
		"revenue" : 0,
		"director_id" : 1
	},
	{
		"id" : 25,
		"created_at" : "1973-04-12 09:38:02",
		"updated_at" : "1993-06-09 02:33:38",
		"title" : "Nam laudantium numquam reiciendis.",
		"awards" : 30,
		"release_date" : "2011-07-29 00:00:00",
		"length" : 105,
		"genre_id" : 1,
		"revenue" : 222992559,
		"director_id" : 1
	},
	{
		"id" : 26,
		"created_at" : "2008-10-19 05:02:28",
		"updated_at" : "2004-12-30 15:11:55",
		"title" : "Et qui eveniet aut.",
		"awards" : 8,
		"release_date" : "2013-09-18 00:00:00",
		"length" : 222,
		"genre_id" : 1,
		"revenue" : 184108944,
		"director_id" : 1
	},
	{
		"id" : 27,
		"created_at" : "2001-06-26 15:25:55",
		"updated_at" : "2003-04-26 05:35:46",
		"title" : "Voluptatem fugit aut aut.",
		"awards" : 10,
		"release_date" : "1988-03-08 00:00:00",
		"length" : 195,
		"genre_id" : 1,
		"revenue" : 271405401,
		"director_id" : 1
	},
	{
		"id" : 28,
		"created_at" : "1997-09-23 13:05:23",
		"updated_at" : "1971-06-21 01:39:03",
		"title" : "Facilis est asperiores.",
		"awards" : 21,
		"release_date" : "1970-07-23 00:00:00",
		"length" : 158,
		"genre_id" : 1,
		"revenue" : 180473123,
		"director_id" : 1
	},
	{
		"id" : 29,
		"created_at" : "1984-09-02 03:00:16",
		"updated_at" : "1977-06-05 18:23:07",
		"title" : "Voluptates rem quia.",
		"awards" : 27,
		"release_date" : "2017-10-26 00:00:00",
		"length" : 152,
		"genre_id" : 1,
		"revenue" : 250119522,
		"director_id" : 1
	},
	{
		"id" : 30,
		"created_at" : "1997-02-20 14:29:41",
		"updated_at" : "2014-02-04 09:13:43",
		"title" : "Sunt et mollitia perferendis.",
		"awards" : 26,
		"release_date" : "1981-12-30 00:00:00",
		"length" : 133,
		"genre_id" : 1,
		"revenue" : 91339309,
		"director_id" : 1
	},
	{
		"id" : 31,
		"created_at" : "2000-11-08 21:41:02",
		"updated_at" : "1977-10-21 16:31:02",
		"title" : "Vel nisi commodi magni.",
		"awards" : 9,
		"release_date" : "1988-11-02 00:00:00",
		"length" : 170,
		"genre_id" : 1,
		"revenue" : 190628087,
		"director_id" : 1
	},
	{
		"id" : 32,
		"created_at" : "2013-05-01 03:12:23",
		"updated_at" : "2010-02-10 18:06:29",
		"title" : "Autem voluptatibus deserunt voluptas.",
		"awards" : 22,
		"release_date" : "1983-02-21 00:00:00",
		"length" : 233,
		"genre_id" : 1,
		"revenue" : 297947488,
		"director_id" : 1
	},
	{
		"id" : 33,
		"created_at" : "1983-07-21 22:53:18",
		"updated_at" : "1994-12-03 18:36:39",
		"title" : "Consequuntur provident nobis quia accusantium.",
		"awards" : 25,
		"release_date" : "2013-03-13 00:00:00",
		"length" : 188,
		"genre_id" : 1,
		"revenue" : 60560865,
		"director_id" : 1
	},
	{
		"id" : 34,
		"created_at" : "1992-11-22 11:08:29",
		"updated_at" : "1985-11-20 12:17:56",
		"title" : "Sit quaerat velit.",
		"awards" : 6,
		"release_date" : "1986-05-11 00:00:00",
		"length" : 102,
		"genre_id" : 1,
		"revenue" : 225994634,
		"director_id" : 1
	},
	{
		"id" : 35,
		"created_at" : "1995-02-26 13:25:09",
		"updated_at" : "1977-07-12 05:21:42",
		"title" : "Tempore facilis vel sed.",
		"awards" : 26,
		"release_date" : "1993-04-12 00:00:00",
		"length" : 221,
		"genre_id" : 1,
		"revenue" : 36807384,
		"director_id" : 1
	},
	{
		"id" : 36,
		"created_at" : "1970-03-17 16:33:55",
		"updated_at" : "1978-09-16 10:43:50",
		"title" : "Deserunt fugiat minus.",
		"awards" : 28,
		"release_date" : "1985-08-09 00:00:00",
		"length" : 134,
		"genre_id" : 1,
		"revenue" : 3297870,
		"director_id" : 1
	},
	{
		"id" : 37,
		"created_at" : "1983-03-03 17:47:14",
		"updated_at" : "1998-04-25 20:14:26",
		"title" : "Velit in aut unde.",
		"awards" : 8,
		"release_date" : "2010-07-13 00:00:00",
		"length" : 157,
		"genre_id" : 1,
		"revenue" : 45843302,
		"director_id" : 1
	},
	{
		"id" : 38,
		"created_at" : "2013-09-08 00:19:47",
		"updated_at" : "2013-01-18 20:27:34",
		"title" : "Deleniti officiis quo tempore accusantium.",
		"awards" : 15,
		"release_date" : "1989-01-27 00:00:00",
		"length" : 204,
		"genre_id" : 1,
		"revenue" : 10800564,
		"director_id" : 1
	},
	{
		"id" : 39,
		"created_at" : "1979-07-05 15:48:33",
		"updated_at" : "1982-07-13 05:30:15",
		"title" : "Tempore reprehenderit et.",
		"awards" : 13,
		"release_date" : "1998-12-11 00:00:00",
		"length" : 201,
		"genre_id" : 1,
		"revenue" : 173955849,
		"director_id" : 1
	},
	{
		"id" : 40,
		"created_at" : "1987-01-23 20:06:57",
		"updated_at" : "1970-04-29 07:20:11",
		"title" : "Et voluptatum.",
		"awards" : 33,
		"release_date" : "1985-07-23 00:00:00",
		"length" : 235,
		"genre_id" : 1,
		"revenue" : 148584615,
		"director_id" : 1
	},
	{
		"id" : 41,
		"created_at" : "1989-05-15 00:53:24",
		"updated_at" : "2004-08-21 18:22:36",
		"title" : "Sed rerum aliquid.",
		"awards" : 29,
		"release_date" : "1973-09-05 00:00:00",
		"length" : 224,
		"genre_id" : 1,
		"revenue" : 269365819,
		"director_id" : 1
	},
	{
		"id" : 42,
		"created_at" : "2000-07-29 20:48:33",
		"updated_at" : "2000-08-16 18:55:06",
		"title" : "Quo molestiae et.",
		"awards" : 21,
		"release_date" : "1993-12-26 00:00:00",
		"length" : 108,
		"genre_id" : 1,
		"revenue" : 80360152,
		"director_id" : 51
	},
	{
		"id" : 43,
		"created_at" : "2009-12-17 04:44:28",
		"updated_at" : "2006-04-30 03:41:07",
		"title" : "Consequuntur culpa et sunt.",
		"awards" : 20,
		"release_date" : "2013-01-08 00:00:00",
		"length" : 137,
		"genre_id" : 1,
		"revenue" : 100931489,
		"director_id" : 51
	},
	{
		"id" : 44,
		"created_at" : "2015-10-14 01:58:11",
		"updated_at" : "1973-05-05 03:38:33",
		"title" : "Et provident sint voluptates.",
		"awards" : 14,
		"release_date" : "2014-06-19 00:00:00",
		"length" : 161,
		"genre_id" : 1,
		"revenue" : 63682111,
		"director_id" : 51
	},
	{
		"id" : 45,
		"created_at" : "1984-01-14 10:10:24",
		"updated_at" : "2014-11-21 14:17:29",
		"title" : "Amet dolores ea.",
		"awards" : 34,
		"release_date" : "1983-01-12 00:00:00",
		"length" : 230,
		"genre_id" : 1,
		"revenue" : 152333429,
		"director_id" : 51
	},
	{
		"id" : 46,
		"created_at" : "2012-06-04 15:16:33",
		"updated_at" : "1994-06-24 19:27:42",
		"title" : "Provident ipsam.",
		"awards" : 3,
		"release_date" : "1988-07-28 00:00:00",
		"length" : 211,
		"genre_id" : 1,
		"revenue" : 146548377,
		"director_id" : 51
	},
	{
		"id" : 47,
		"created_at" : "2011-01-30 11:43:20",
		"updated_at" : "2001-11-30 18:54:15",
		"title" : "Et hic.",
		"awards" : 29,
		"release_date" : "1971-10-21 00:00:00",
		"length" : 147,
		"genre_id" : 1,
		"revenue" : 175509660,
		"director_id" : 52
	},
	{
		"id" : 48,
		"created_at" : "2004-11-16 19:21:15",
		"updated_at" : "2007-12-24 12:07:08",
		"title" : "Nihil et.",
		"awards" : 26,
		"release_date" : "1983-08-08 00:00:00",
		"length" : 151,
		"genre_id" : 1,
		"revenue" : 287139575,
		"director_id" : 52
	},
	{
		"id" : 49,
		"created_at" : "2017-04-26 15:13:43",
		"updated_at" : "1972-02-20 01:43:14",
		"title" : "Maiores quis voluptates.",
		"awards" : 32,
		"release_date" : "1992-06-03 00:00:00",
		"length" : 113,
		"genre_id" : 1,
		"revenue" : 141928952,
		"director_id" : 52
	},
	{
		"id" : 50,
		"created_at" : "1986-12-16 03:53:15",
		"updated_at" : "1982-11-18 01:46:20",
		"title" : "Aliquam inventore quibusdam.",
		"awards" : 13,
		"release_date" : "2004-04-14 00:00:00",
		"length" : 157,
		"genre_id" : 1,
		"revenue" : 119796821,
		"director_id" : 52
	},
	{
		"id" : 51,
		"created_at" : "2018-05-30 14:28:30",
		"updated_at" : "1987-09-14 11:30:35",
		"title" : "Eos facilis vitae accusamus.",
		"awards" : 16,
		"release_date" : "2011-06-03 00:00:00",
		"length" : 105,
		"genre_id" : 1,
		"revenue" : 22813729,
		"director_id" : 52
	},
	{
		"id" : 52,
		"created_at" : "1984-08-28 01:53:08",
		"updated_at" : "2012-01-02 15:35:42",
		"title" : "Exercitationem consequatur.",
		"awards" : 12,
		"release_date" : "1975-12-19 00:00:00",
		"length" : 142,
		"genre_id" : 1,
		"revenue" : 229789585,
		"director_id" : 53
	},
	{
		"id" : 53,
		"created_at" : "2002-05-19 10:46:10",
		"updated_at" : "2010-12-30 07:12:25",
		"title" : "Quia aspernatur et.",
		"awards" : 14,
		"release_date" : "1978-10-01 00:00:00",
		"length" : 210,
		"genre_id" : 1,
		"revenue" : 281640339,
		"director_id" : 53
	},
	{
		"id" : 54,
		"created_at" : "2017-08-02 15:51:32",
		"updated_at" : "1984-03-05 07:23:41",
		"title" : "Eos magni.",
		"awards" : 8,
		"release_date" : "1982-02-16 00:00:00",
		"length" : 119,
		"genre_id" : 1,
		"revenue" : 20022178,
		"director_id" : 53
	},
	{
		"id" : 55,
		"created_at" : "1995-06-04 09:55:53",
		"updated_at" : "1982-12-04 06:53:09",
		"title" : "Iusto sunt.",
		"awards" : 14,
		"release_date" : "1995-06-20 00:00:00",
		"length" : 229,
		"genre_id" : 1,
		"revenue" : 9849574,
		"director_id" : 53
	},
	{
		"id" : 56,
		"created_at" : "1995-11-26 07:41:54",
		"updated_at" : "1974-09-13 12:05:07",
		"title" : "Officiis sequi quia accusantium.",
		"awards" : 24,
		"release_date" : "1985-07-21 00:00:00",
		"length" : 108,
		"genre_id" : 1,
		"revenue" : 200362887,
		"director_id" : 53
	},
	{
		"id" : 57,
		"created_at" : "1989-01-24 07:52:07",
		"updated_at" : "2006-05-17 19:21:41",
		"title" : "Velit quidem maxime.",
		"awards" : 3,
		"release_date" : "1974-04-29 00:00:00",
		"length" : 236,
		"genre_id" : 1,
		"revenue" : 73350812,
		"director_id" : 54
	},
	{
		"id" : 58,
		"created_at" : "2006-10-08 10:09:05",
		"updated_at" : "1996-11-28 20:05:23",
		"title" : "Dolor autem quia dolor.",
		"awards" : 12,
		"release_date" : "2000-01-22 00:00:00",
		"length" : 160,
		"genre_id" : 1,
		"revenue" : 163355990,
		"director_id" : 54
	},
	{
		"id" : 59,
		"created_at" : "2000-06-18 10:56:07",
		"updated_at" : "2001-09-21 17:04:09",
		"title" : "Ipsa explicabo occaecati architecto.",
		"awards" : 13,
		"release_date" : "1997-09-27 00:00:00",
		"length" : 207,
		"genre_id" : 1,
		"revenue" : 280883190,
		"director_id" : 54
	},
	{
		"id" : 60,
		"created_at" : "2019-04-07 05:57:49",
		"updated_at" : "1992-01-05 08:20:49",
		"title" : "Tempore ea fuga rerum.",
		"awards" : 11,
		"release_date" : "1998-12-09 00:00:00",
		"length" : 148,
		"genre_id" : 1,
		"revenue" : 161460123,
		"director_id" : 54
	},
	{
		"id" : 61,
		"created_at" : "1971-07-02 09:56:01",
		"updated_at" : "1976-12-03 09:45:53",
		"title" : "Quidem sit voluptatum occaecati.",
		"awards" : 8,
		"release_date" : "1995-12-14 00:00:00",
		"length" : 175,
		"genre_id" : 1,
		"revenue" : 113868364,
		"director_id" : 54
	},
	{
		"id" : 62,
		"created_at" : "2015-05-10 03:15:53",
		"updated_at" : "1973-03-16 12:24:55",
		"title" : "Cumque sint est aut.",
		"awards" : 16,
		"release_date" : "1986-02-11 00:00:00",
		"length" : 111,
		"genre_id" : 1,
		"revenue" : 94403930,
		"director_id" : 55
	},
	{
		"id" : 63,
		"created_at" : "1988-11-14 13:31:18",
		"updated_at" : "1997-02-06 02:20:22",
		"title" : "Accusantium odio sapiente amet doloribus.",
		"awards" : 21,
		"release_date" : "1974-03-09 00:00:00",
		"length" : 232,
		"genre_id" : 1,
		"revenue" : 47565443,
		"director_id" : 55
	},
	{
		"id" : 64,
		"created_at" : "1984-09-20 08:14:41",
		"updated_at" : "2015-02-20 01:00:53",
		"title" : "Praesentium quisquam velit aut.",
		"awards" : 27,
		"release_date" : "1978-12-27 00:00:00",
		"length" : 235,
		"genre_id" : 1,
		"revenue" : 137826308,
		"director_id" : 55
	},
	{
		"id" : 65,
		"created_at" : "2005-10-31 09:26:14",
		"updated_at" : "1997-05-24 13:40:52",
		"title" : "Voluptate voluptatibus vel.",
		"awards" : 8,
		"release_date" : "1980-09-17 00:00:00",
		"length" : 222,
		"genre_id" : 1,
		"revenue" : 293183800,
		"director_id" : 55
	},
	{
		"id" : 66,
		"created_at" : "2017-04-14 20:04:03",
		"updated_at" : "2001-08-07 23:45:29",
		"title" : "Cupiditate vel.",
		"awards" : 18,
		"release_date" : "2003-04-14 00:00:00",
		"length" : 104,
		"genre_id" : 1,
		"revenue" : 42000230,
		"director_id" : 55
	},
	{
		"id" : 67,
		"created_at" : "2012-05-08 10:52:25",
		"updated_at" : "1983-05-29 00:22:05",
		"title" : "Libero neque vel.",
		"awards" : 26,
		"release_date" : "2007-10-01 00:00:00",
		"length" : 168,
		"genre_id" : 1,
		"revenue" : 138712663,
		"director_id" : 56
	},
	{
		"id" : 68,
		"created_at" : "2006-03-04 01:53:18",
		"updated_at" : "2000-04-26 01:36:48",
		"title" : "Deleniti fuga qui sed sunt.",
		"awards" : 31,
		"release_date" : "1996-09-22 00:00:00",
		"length" : 149,
		"genre_id" : 1,
		"revenue" : 188374779,
		"director_id" : 56
	},
	{
		"id" : 69,
		"created_at" : "1980-12-18 04:48:12",
		"updated_at" : "2009-06-12 08:32:55",
		"title" : "Voluptate aperiam corrupti est.",
		"awards" : 35,
		"release_date" : "1970-09-21 00:00:00",
		"length" : 115,
		"genre_id" : 1,
		"revenue" : 189709937,
		"director_id" : 56
	},
	{
		"id" : 70,
		"created_at" : "1977-11-16 09:10:34",
		"updated_at" : "1998-12-17 18:53:57",
		"title" : "Ipsum consequatur maxime.",
		"awards" : 1,
		"release_date" : "1982-01-30 00:00:00",
		"length" : 117,
		"genre_id" : 1,
		"revenue" : 262267041,
		"director_id" : 56
	},
	{
		"id" : 71,
		"created_at" : "2018-07-30 23:18:28",
		"updated_at" : "2012-12-26 19:21:59",
		"title" : "Voluptate explicabo nesciunt.",
		"awards" : 16,
		"release_date" : "2007-08-17 00:00:00",
		"length" : 196,
		"genre_id" : 1,
		"revenue" : 107029508,
		"director_id" : 56
	},
	{
		"id" : 72,
		"created_at" : "2012-06-07 18:50:02",
		"updated_at" : "2015-03-08 19:56:56",
		"title" : "Consectetur rerum sint.",
		"awards" : 13,
		"release_date" : "1992-01-29 00:00:00",
		"length" : 164,
		"genre_id" : 1,
		"revenue" : 225043486,
		"director_id" : 57
	},
	{
		"id" : 73,
		"created_at" : "2003-10-17 22:34:00",
		"updated_at" : "1989-12-13 04:30:55",
		"title" : "Porro maiores laborum.",
		"awards" : 12,
		"release_date" : "1984-06-09 00:00:00",
		"length" : 232,
		"genre_id" : 1,
		"revenue" : 190259843,
		"director_id" : 57
	},
	{
		"id" : 74,
		"created_at" : "2010-03-01 16:16:55",
		"updated_at" : "1992-09-20 23:58:47",
		"title" : "Eum et ea.",
		"awards" : 7,
		"release_date" : "2013-05-24 00:00:00",
		"length" : 124,
		"genre_id" : 1,
		"revenue" : 73559734,
		"director_id" : 57
	},
	{
		"id" : 75,
		"created_at" : "2015-07-19 16:38:40",
		"updated_at" : "1982-12-28 20:43:55",
		"title" : "Sunt eius et debitis.",
		"awards" : 27,
		"release_date" : "1980-08-07 00:00:00",
		"length" : 196,
		"genre_id" : 1,
		"revenue" : 103778118,
		"director_id" : 57
	},
	{
		"id" : 76,
		"created_at" : "2003-01-27 06:40:09",
		"updated_at" : "2010-05-24 01:49:14",
		"title" : "Id quia vitae voluptatibus.",
		"awards" : 27,
		"release_date" : "1984-06-06 00:00:00",
		"length" : 107,
		"genre_id" : 1,
		"revenue" : 87966552,
		"director_id" : 57
	},
	{
		"id" : 77,
		"created_at" : "2001-12-07 01:52:41",
		"updated_at" : "2002-03-04 21:38:43",
		"title" : "Reprehenderit adipisci ea autem quia.",
		"awards" : 22,
		"release_date" : "2007-10-25 00:00:00",
		"length" : 143,
		"genre_id" : 1,
		"revenue" : 273309109,
		"director_id" : 58
	},
	{
		"id" : 78,
		"created_at" : "2010-02-24 01:25:38",
		"updated_at" : "1975-04-24 22:04:15",
		"title" : "Voluptatem suscipit mollitia.",
		"awards" : 29,
		"release_date" : "2015-09-22 00:00:00",
		"length" : 163,
		"genre_id" : 1,
		"revenue" : 16200436,
		"director_id" : 58
	},
	{
		"id" : 79,
		"created_at" : "1993-01-28 08:38:28",
		"updated_at" : "1971-07-07 22:29:14",
		"title" : "Aliquam alias et.",
		"awards" : 24,
		"release_date" : "1986-07-24 00:00:00",
		"length" : 154,
		"genre_id" : 1,
		"revenue" : 273252674,
		"director_id" : 58
	},
	{
		"id" : 80,
		"created_at" : "2019-04-18 17:16:57",
		"updated_at" : "2013-01-08 21:35:12",
		"title" : "Quae dolores eaque.",
		"awards" : 3,
		"release_date" : "2005-02-10 00:00:00",
		"length" : 185,
		"genre_id" : 1,
		"revenue" : 222937864,
		"director_id" : 58
	},
	{
		"id" : 81,
		"created_at" : "2010-10-04 22:56:06",
		"updated_at" : "2012-11-16 09:32:04",
		"title" : "Et omnis aut.",
		"awards" : 13,
		"release_date" : "1991-09-09 00:00:00",
		"length" : 127,
		"genre_id" : 1,
		"revenue" : 8375832,
		"director_id" : 58
	},
	{
		"id" : 82,
		"created_at" : "1988-11-14 23:40:03",
		"updated_at" : "1978-06-23 03:19:12",
		"title" : "Hic et quia.",
		"awards" : 2,
		"release_date" : "1998-02-09 00:00:00",
		"length" : 116,
		"genre_id" : 1,
		"revenue" : 141023378,
		"director_id" : 59
	},
	{
		"id" : 83,
		"created_at" : "2005-03-21 02:47:18",
		"updated_at" : "2005-04-18 09:20:44",
		"title" : "Rerum occaecati sunt.",
		"awards" : 5,
		"release_date" : "1983-10-06 00:00:00",
		"length" : 169,
		"genre_id" : 1,
		"revenue" : 163078074,
		"director_id" : 59
	},
	{
		"id" : 84,
		"created_at" : "1990-03-05 10:24:20",
		"updated_at" : "2006-03-08 11:40:06",
		"title" : "Enim fugiat est accusantium molestiae.",
		"awards" : 8,
		"release_date" : "1977-08-22 00:00:00",
		"length" : 221,
		"genre_id" : 1,
		"revenue" : 2721345,
		"director_id" : 59
	},
	{
		"id" : 85,
		"created_at" : "1978-01-21 07:25:40",
		"updated_at" : "1989-11-24 04:06:39",
		"title" : "Provident animi.",
		"awards" : 19,
		"release_date" : "2018-07-05 00:00:00",
		"length" : 135,
		"genre_id" : 1,
		"revenue" : 46677784,
		"director_id" : 59
	},
	{
		"id" : 86,
		"created_at" : "1973-12-21 07:07:39",
		"updated_at" : "1982-04-10 08:42:28",
		"title" : "Sequi reprehenderit voluptates autem.",
		"awards" : 26,
		"release_date" : "1995-05-29 00:00:00",
		"length" : 151,
		"genre_id" : 1,
		"revenue" : 287545328,
		"director_id" : 59
	},
	{
		"id" : 87,
		"created_at" : "1985-10-29 08:22:38",
		"updated_at" : "1971-04-08 04:11:31",
		"title" : "Quis sed placeat delectus.",
		"awards" : 23,
		"release_date" : "1970-12-07 00:00:00",
		"length" : 226,
		"genre_id" : 1,
		"revenue" : 222558414,
		"director_id" : 60
	},
	{
		"id" : 88,
		"created_at" : "1970-11-02 13:38:25",
		"updated_at" : "2006-09-04 06:03:08",
		"title" : "Voluptas voluptas eum eos.",
		"awards" : 28,
		"release_date" : "2008-05-07 00:00:00",
		"length" : 126,
		"genre_id" : 1,
		"revenue" : 161185256,
		"director_id" : 60
	},
	{
		"id" : 89,
		"created_at" : "1999-07-25 17:46:44",
		"updated_at" : "2003-08-26 07:35:01",
		"title" : "Et vel sit.",
		"awards" : 22,
		"release_date" : "1979-02-20 00:00:00",
		"length" : 106,
		"genre_id" : 1,
		"revenue" : 114543130,
		"director_id" : 60
	},
	{
		"id" : 90,
		"created_at" : "1979-01-16 12:33:00",
		"updated_at" : "1972-11-18 05:31:02",
		"title" : "Occaecati blanditiis magni ducimus.",
		"awards" : 3,
		"release_date" : "1979-07-20 00:00:00",
		"length" : 187,
		"genre_id" : 1,
		"revenue" : 281503703,
		"director_id" : 60
	},
	{
		"id" : 91,
		"created_at" : "1975-07-26 11:41:53",
		"updated_at" : "1995-11-02 15:55:09",
		"title" : "Voluptas laborum voluptatibus.",
		"awards" : 13,
		"release_date" : "1983-07-29 00:00:00",
		"length" : 240,
		"genre_id" : 1,
		"revenue" : 171244524,
		"director_id" : 60
	},
	{
		"id" : 92,
		"created_at" : "2002-09-14 00:31:08",
		"updated_at" : "1971-07-21 05:08:32",
		"title" : "Sit deleniti.",
		"awards" : 13,
		"release_date" : "1972-01-22 00:00:00",
		"length" : 148,
		"genre_id" : 1,
		"revenue" : 180973698,
		"director_id" : 61
	},
	{
		"id" : 93,
		"created_at" : "1984-06-02 14:28:52",
		"updated_at" : "1988-05-12 13:51:38",
		"title" : "Magnam porro nam id.",
		"awards" : 21,
		"release_date" : "1972-09-19 00:00:00",
		"length" : 152,
		"genre_id" : 1,
		"revenue" : 50681743,
		"director_id" : 61
	},
	{
		"id" : 94,
		"created_at" : "1998-08-28 00:11:43",
		"updated_at" : "1990-09-16 05:29:20",
		"title" : "Adipisci tenetur ut.",
		"awards" : 31,
		"release_date" : "1983-05-19 00:00:00",
		"length" : 157,
		"genre_id" : 1,
		"revenue" : 154862141,
		"director_id" : 61
	},
	{
		"id" : 95,
		"created_at" : "2007-10-27 21:17:04",
		"updated_at" : "1985-09-13 11:16:09",
		"title" : "Accusamus eius hic.",
		"awards" : 31,
		"release_date" : "1992-06-02 00:00:00",
		"length" : 148,
		"genre_id" : 1,
		"revenue" : 267181753,
		"director_id" : 61
	},
	{
		"id" : 96,
		"created_at" : "2007-02-05 21:38:10",
		"updated_at" : "1989-06-02 12:10:27",
		"title" : "Repudiandae ipsam soluta.",
		"awards" : 29,
		"release_date" : "1987-11-23 00:00:00",
		"length" : 233,
		"genre_id" : 1,
		"revenue" : 125182947,
		"director_id" : 61
	},
	{
		"id" : 97,
		"created_at" : "2002-07-06 19:21:30",
		"updated_at" : "2001-10-11 15:21:47",
		"title" : "Repellat ducimus est animi.",
		"awards" : 3,
		"release_date" : "1978-10-12 00:00:00",
		"length" : 199,
		"genre_id" : 1,
		"revenue" : 264645,
		"director_id" : 62
	},
	{
		"id" : 98,
		"created_at" : "2014-03-28 10:26:36",
		"updated_at" : "2003-12-17 21:38:06",
		"title" : "Aut eum fugit nobis repudiandae.",
		"awards" : 17,
		"release_date" : "1980-03-20 00:00:00",
		"length" : 216,
		"genre_id" : 1,
		"revenue" : 186921930,
		"director_id" : 62
	},
	{
		"id" : 99,
		"created_at" : "2004-12-26 02:04:20",
		"updated_at" : "1976-05-20 01:10:37",
		"title" : "Accusantium quo adipisci.",
		"awards" : 22,
		"release_date" : "1988-03-07 00:00:00",
		"length" : 177,
		"genre_id" : 1,
		"revenue" : 180708465,
		"director_id" : 62
	},
	{
		"id" : 100,
		"created_at" : "1972-01-18 06:49:44",
		"updated_at" : "2015-09-04 17:44:52",
		"title" : "Eos molestiae unde.",
		"awards" : 34,
		"release_date" : "1989-12-14 00:00:00",
		"length" : 111,
		"genre_id" : 1,
		"revenue" : 288211198,
		"director_id" : 62
	},
	{
		"id" : 101,
		"created_at" : "1992-11-19 00:03:10",
		"updated_at" : "2007-10-26 22:31:11",
		"title" : "Aspernatur dolores quia.",
		"awards" : 12,
		"release_date" : "1987-06-16 00:00:00",
		"length" : 127,
		"genre_id" : 1,
		"revenue" : 122333118,
		"director_id" : 62
	},
	{
		"id" : 102,
		"created_at" : "1979-12-18 03:38:00",
		"updated_at" : "2014-04-28 01:01:49",
		"title" : "Qui fugiat et.",
		"awards" : 16,
		"release_date" : "2006-11-17 00:00:00",
		"length" : 142,
		"genre_id" : 1,
		"revenue" : 232121022,
		"director_id" : 63
	},
	{
		"id" : 103,
		"created_at" : "2017-12-16 04:08:32",
		"updated_at" : "2005-03-23 23:29:53",
		"title" : "Veniam ut est.",
		"awards" : 9,
		"release_date" : "1992-05-12 00:00:00",
		"length" : 111,
		"genre_id" : 1,
		"revenue" : 32568528,
		"director_id" : 63
	},
	{
		"id" : 104,
		"created_at" : "2001-03-09 07:31:31",
		"updated_at" : "2016-10-29 21:50:18",
		"title" : "Beatae velit similique quis.",
		"awards" : 13,
		"release_date" : "1982-02-23 00:00:00",
		"length" : 166,
		"genre_id" : 1,
		"revenue" : 75571976,
		"director_id" : 63
	},
	{
		"id" : 105,
		"created_at" : "2013-07-25 09:41:49",
		"updated_at" : "2018-07-29 22:05:53",
		"title" : "Aut dolor qui.",
		"awards" : 28,
		"release_date" : "2006-02-01 00:00:00",
		"length" : 205,
		"genre_id" : 1,
		"revenue" : 286629700,
		"director_id" : 63
	},
	{
		"id" : 106,
		"created_at" : "2017-01-24 08:27:38",
		"updated_at" : "1981-07-17 09:57:57",
		"title" : "Minima qui quo.",
		"awards" : 16,
		"release_date" : "1990-05-11 00:00:00",
		"length" : 137,
		"genre_id" : 1,
		"revenue" : 145020420,
		"director_id" : 63
	},
	{
		"id" : 107,
		"created_at" : "2015-03-31 19:40:17",
		"updated_at" : "2000-02-17 10:25:14",
		"title" : "Quia eveniet nesciunt explicabo.",
		"awards" : 24,
		"release_date" : "1974-07-09 00:00:00",
		"length" : 130,
		"genre_id" : 1,
		"revenue" : 213164120,
		"director_id" : 64
	},
	{
		"id" : 108,
		"created_at" : "1995-02-17 18:52:42",
		"updated_at" : "2019-07-12 12:25:24",
		"title" : "Quaerat qui.",
		"awards" : 10,
		"release_date" : "1990-03-10 00:00:00",
		"length" : 131,
		"genre_id" : 1,
		"revenue" : 116809304,
		"director_id" : 64
	},
	{
		"id" : 109,
		"created_at" : "1976-02-14 08:39:30",
		"updated_at" : "1983-03-30 13:02:44",
		"title" : "Et animi dolor.",
		"awards" : 17,
		"release_date" : "2001-04-17 00:00:00",
		"length" : 167,
		"genre_id" : 1,
		"revenue" : 71899698,
		"director_id" : 64
	},
	{
		"id" : 110,
		"created_at" : "1981-04-04 04:13:07",
		"updated_at" : "2006-03-05 07:16:45",
		"title" : "Qui quam fuga repellendus.",
		"awards" : 4,
		"release_date" : "2001-05-06 00:00:00",
		"length" : 137,
		"genre_id" : 1,
		"revenue" : 84826519,
		"director_id" : 64
	},
	{
		"id" : 111,
		"created_at" : "1979-09-24 00:33:59",
		"updated_at" : "2014-05-15 08:44:10",
		"title" : "Consequatur ab nihil asperiores.",
		"awards" : 3,
		"release_date" : "2016-03-09 00:00:00",
		"length" : 124,
		"genre_id" : 1,
		"revenue" : 123491844,
		"director_id" : 64
	},
	{
		"id" : 112,
		"created_at" : "1990-08-19 23:30:19",
		"updated_at" : "2008-09-09 14:19:46",
		"title" : "Vel ab laborum veritatis.",
		"awards" : 23,
		"release_date" : "1997-07-26 00:00:00",
		"length" : 221,
		"genre_id" : 1,
		"revenue" : 67557842,
		"director_id" : 65
	},
	{
		"id" : 113,
		"created_at" : "1994-07-17 11:41:36",
		"updated_at" : "2013-12-18 18:50:23",
		"title" : "Modi neque soluta placeat.",
		"awards" : 2,
		"release_date" : "1990-03-13 00:00:00",
		"length" : 106,
		"genre_id" : 1,
		"revenue" : 91887533,
		"director_id" : 65
	},
	{
		"id" : 114,
		"created_at" : "1993-04-25 03:49:45",
		"updated_at" : "1989-07-01 17:33:06",
		"title" : "Non cumque ut dolores saepe.",
		"awards" : 26,
		"release_date" : "1997-06-26 00:00:00",
		"length" : 142,
		"genre_id" : 1,
		"revenue" : 69899911,
		"director_id" : 65
	},
	{
		"id" : 115,
		"created_at" : "2005-06-27 19:11:05",
		"updated_at" : "1989-02-12 01:51:54",
		"title" : "Qui aliquam facere.",
		"awards" : 14,
		"release_date" : "2016-12-11 00:00:00",
		"length" : 112,
		"genre_id" : 1,
		"revenue" : 296151650,
		"director_id" : 65
	},
	{
		"id" : 116,
		"created_at" : "2015-11-22 08:48:25",
		"updated_at" : "1973-05-05 21:36:31",
		"title" : "Temporibus est est iure.",
		"awards" : 11,
		"release_date" : "1978-07-08 00:00:00",
		"length" : 132,
		"genre_id" : 1,
		"revenue" : 202851584,
		"director_id" : 65
	},
	{
		"id" : 117,
		"created_at" : "2014-08-26 00:10:40",
		"updated_at" : "1992-04-05 21:51:50",
		"title" : "Molestiae pariatur consequatur.",
		"awards" : 27,
		"release_date" : "1997-03-07 00:00:00",
		"length" : 142,
		"genre_id" : 1,
		"revenue" : 106336131,
		"director_id" : 66
	},
	{
		"id" : 118,
		"created_at" : "1990-09-13 22:15:48",
		"updated_at" : "2016-02-20 18:02:24",
		"title" : "Deleniti quam et.",
		"awards" : 25,
		"release_date" : "1999-01-23 00:00:00",
		"length" : 184,
		"genre_id" : 1,
		"revenue" : 119279906,
		"director_id" : 66
	},
	{
		"id" : 119,
		"created_at" : "2010-12-17 01:00:58",
		"updated_at" : "1976-03-24 12:59:49",
		"title" : "Ex molestiae quas.",
		"awards" : 1,
		"release_date" : "2006-06-17 00:00:00",
		"length" : 193,
		"genre_id" : 1,
		"revenue" : 242900859,
		"director_id" : 66
	},
	{
		"id" : 120,
		"created_at" : "1988-02-22 21:35:39",
		"updated_at" : "1976-06-23 21:00:34",
		"title" : "Consequatur veritatis voluptatem.",
		"awards" : 35,
		"release_date" : "2017-08-28 00:00:00",
		"length" : 140,
		"genre_id" : 1,
		"revenue" : 137051151,
		"director_id" : 66
	},
	{
		"id" : 121,
		"created_at" : "2010-03-04 19:40:33",
		"updated_at" : "1979-12-04 18:03:21",
		"title" : "Reprehenderit debitis ea.",
		"awards" : 5,
		"release_date" : "1990-07-23 00:00:00",
		"length" : 185,
		"genre_id" : 1,
		"revenue" : 13159584,
		"director_id" : 66
	},
	{
		"id" : 122,
		"created_at" : "1983-07-17 11:37:34",
		"updated_at" : "2013-11-22 12:32:35",
		"title" : "Quibusdam ab voluptatibus.",
		"awards" : 3,
		"release_date" : "1981-07-02 00:00:00",
		"length" : 176,
		"genre_id" : 1,
		"revenue" : 148462962,
		"director_id" : 67
	},
	{
		"id" : 123,
		"created_at" : "2011-02-20 09:52:53",
		"updated_at" : "2014-03-11 03:34:19",
		"title" : "Et quisquam fugiat molestiae.",
		"awards" : 25,
		"release_date" : "2019-03-04 00:00:00",
		"length" : 114,
		"genre_id" : 1,
		"revenue" : 27481066,
		"director_id" : 67
	},
	{
		"id" : 124,
		"created_at" : "1975-11-03 17:40:33",
		"updated_at" : "2012-07-06 12:06:03",
		"title" : "Impedit rem sequi ab maxime.",
		"awards" : 29,
		"release_date" : "1985-08-14 00:00:00",
		"length" : 216,
		"genre_id" : 1,
		"revenue" : 118400391,
		"director_id" : 67
	},
	{
		"id" : 125,
		"created_at" : "1976-10-12 06:00:12",
		"updated_at" : "2010-01-07 15:32:37",
		"title" : "Enim velit magnam unde.",
		"awards" : 3,
		"release_date" : "1976-01-21 00:00:00",
		"length" : 124,
		"genre_id" : 1,
		"revenue" : 282069328,
		"director_id" : 67
	},
	{
		"id" : 126,
		"created_at" : "1978-01-01 07:24:28",
		"updated_at" : "2012-11-03 18:09:59",
		"title" : "Sapiente voluptates architecto.",
		"awards" : 6,
		"release_date" : "1980-11-09 00:00:00",
		"length" : 172,
		"genre_id" : 1,
		"revenue" : 282404685,
		"director_id" : 67
	},
	{
		"id" : 127,
		"created_at" : "2017-07-29 19:11:22",
		"updated_at" : "1981-09-09 11:55:17",
		"title" : "Similique doloremque.",
		"awards" : 30,
		"release_date" : "1991-06-02 00:00:00",
		"length" : 149,
		"genre_id" : 1,
		"revenue" : 274839869,
		"director_id" : 68
	},
	{
		"id" : 128,
		"created_at" : "1984-01-13 01:01:31",
		"updated_at" : "2018-04-22 02:41:02",
		"title" : "Mollitia temporibus omnis.",
		"awards" : 3,
		"release_date" : "2015-02-15 00:00:00",
		"length" : 193,
		"genre_id" : 1,
		"revenue" : 138599214,
		"director_id" : 68
	},
	{
		"id" : 129,
		"created_at" : "1973-03-02 17:34:01",
		"updated_at" : "1970-04-09 10:06:33",
		"title" : "Soluta perspiciatis veniam dolore.",
		"awards" : 8,
		"release_date" : "1997-11-30 00:00:00",
		"length" : 217,
		"genre_id" : 1,
		"revenue" : 22236872,
		"director_id" : 68
	},
	{
		"id" : 130,
		"created_at" : "1996-01-27 08:54:34",
		"updated_at" : "1984-12-14 08:43:11",
		"title" : "Repellendus in.",
		"awards" : 22,
		"release_date" : "1986-12-28 00:00:00",
		"length" : 131,
		"genre_id" : 1,
		"revenue" : 284609804,
		"director_id" : 68
	},
	{
		"id" : 131,
		"created_at" : "2009-10-13 19:25:15",
		"updated_at" : "1988-11-07 11:51:13",
		"title" : "Quidem aliquid.",
		"awards" : 27,
		"release_date" : "1997-05-21 00:00:00",
		"length" : 215,
		"genre_id" : 1,
		"revenue" : 92832579,
		"director_id" : 68
	},
	{
		"id" : 132,
		"created_at" : "1986-05-29 01:17:17",
		"updated_at" : "2016-02-26 18:05:14",
		"title" : "Est non ratione cumque.",
		"awards" : 30,
		"release_date" : "2018-06-12 00:00:00",
		"length" : 234,
		"genre_id" : 1,
		"revenue" : 23041081,
		"director_id" : 69
	},
	{
		"id" : 133,
		"created_at" : "1984-06-16 20:39:23",
		"updated_at" : "1972-07-23 03:35:32",
		"title" : "Ut quos corporis blanditiis.",
		"awards" : 15,
		"release_date" : "2012-11-11 00:00:00",
		"length" : 157,
		"genre_id" : 1,
		"revenue" : 250696934,
		"director_id" : 69
	},
	{
		"id" : 134,
		"created_at" : "1978-09-05 06:16:52",
		"updated_at" : "2003-02-19 06:58:16",
		"title" : "Deleniti qui doloremque aperiam.",
		"awards" : 35,
		"release_date" : "1972-12-03 00:00:00",
		"length" : 202,
		"genre_id" : 1,
		"revenue" : 42335571,
		"director_id" : 69
	},
	{
		"id" : 135,
		"created_at" : "2001-12-25 02:46:55",
		"updated_at" : "2008-03-29 14:16:51",
		"title" : "Sed accusamus corrupti autem.",
		"awards" : 16,
		"release_date" : "2004-09-19 00:00:00",
		"length" : 221,
		"genre_id" : 1,
		"revenue" : 246422436,
		"director_id" : 69
	},
	{
		"id" : 136,
		"created_at" : "1987-07-03 10:50:58",
		"updated_at" : "1991-11-24 23:34:53",
		"title" : "Et corrupti laboriosam ad.",
		"awards" : 30,
		"release_date" : "2017-12-26 00:00:00",
		"length" : 114,
		"genre_id" : 1,
		"revenue" : 73582306,
		"director_id" : 69
	},
	{
		"id" : 137,
		"created_at" : "2017-03-04 16:54:11",
		"updated_at" : "1977-12-03 03:46:16",
		"title" : "Incidunt ut ex.",
		"awards" : 23,
		"release_date" : "1997-02-13 00:00:00",
		"length" : 239,
		"genre_id" : 1,
		"revenue" : 194837611,
		"director_id" : 70
	},
	{
		"id" : 138,
		"created_at" : "1994-01-09 21:50:34",
		"updated_at" : "1978-02-09 06:24:57",
		"title" : "Quia odio vitae.",
		"awards" : 33,
		"release_date" : "2000-03-14 00:00:00",
		"length" : 224,
		"genre_id" : 1,
		"revenue" : 52514091,
		"director_id" : 70
	},
	{
		"id" : 139,
		"created_at" : "1988-02-23 03:41:40",
		"updated_at" : "1981-11-02 08:01:13",
		"title" : "Velit temporibus qui totam.",
		"awards" : 16,
		"release_date" : "1994-06-05 00:00:00",
		"length" : 195,
		"genre_id" : 1,
		"revenue" : 58213282,
		"director_id" : 70
	},
	{
		"id" : 140,
		"created_at" : "1993-06-27 23:42:03",
		"updated_at" : "1977-10-24 16:18:01",
		"title" : "Aspernatur molestiae nemo commodi.",
		"awards" : 3,
		"release_date" : "1991-05-29 00:00:00",
		"length" : 228,
		"genre_id" : 1,
		"revenue" : 10462024,
		"director_id" : 70
	},
	{
		"id" : 141,
		"created_at" : "2012-08-21 03:34:17",
		"updated_at" : "1976-02-03 18:05:40",
		"title" : "Nihil sed minima.",
		"awards" : 1,
		"release_date" : "1993-11-27 00:00:00",
		"length" : 141,
		"genre_id" : 1,
		"revenue" : 154700066,
		"director_id" : 70
	},
	{
		"id" : 142,
		"created_at" : "1984-05-30 18:29:01",
		"updated_at" : "1997-05-29 03:56:43",
		"title" : "Vitae quo.",
		"awards" : 28,
		"release_date" : "2005-09-23 00:00:00",
		"length" : 129,
		"genre_id" : 1,
		"revenue" : 168209193,
		"director_id" : 71
	},
	{
		"id" : 143,
		"created_at" : "2013-06-03 10:07:15",
		"updated_at" : "1991-05-03 06:10:18",
		"title" : "Minus iure odit.",
		"awards" : 6,
		"release_date" : "1977-12-18 00:00:00",
		"length" : 230,
		"genre_id" : 1,
		"revenue" : 221368040,
		"director_id" : 71
	},
	{
		"id" : 144,
		"created_at" : "1985-01-22 20:00:33",
		"updated_at" : "1983-01-31 11:33:48",
		"title" : "Consectetur minus laborum sapiente est.",
		"awards" : 2,
		"release_date" : "2012-02-07 00:00:00",
		"length" : 175,
		"genre_id" : 1,
		"revenue" : 40736137,
		"director_id" : 71
	},
	{
		"id" : 145,
		"created_at" : "1975-06-07 07:02:30",
		"updated_at" : "1992-04-18 16:13:43",
		"title" : "Voluptatem quis non eos.",
		"awards" : 10,
		"release_date" : "1986-08-02 00:00:00",
		"length" : 140,
		"genre_id" : 1,
		"revenue" : 269003803,
		"director_id" : 71
	},
	{
		"id" : 146,
		"created_at" : "2015-02-15 12:52:01",
		"updated_at" : "1975-01-03 04:25:30",
		"title" : "Ut exercitationem quia.",
		"awards" : 15,
		"release_date" : "2018-12-01 00:00:00",
		"length" : 206,
		"genre_id" : 1,
		"revenue" : 175957372,
		"director_id" : 71
	},
	{
		"id" : 147,
		"created_at" : "2019-03-27 10:13:07",
		"updated_at" : "1973-09-03 22:05:22",
		"title" : "Quisquam culpa dolor accusantium dolores.",
		"awards" : 11,
		"release_date" : "1984-02-20 00:00:00",
		"length" : 169,
		"genre_id" : 1,
		"revenue" : 256040341,
		"director_id" : 72
	},
	{
		"id" : 148,
		"created_at" : "1980-11-17 04:56:19",
		"updated_at" : "2005-02-02 12:41:34",
		"title" : "Nihil quos magnam.",
		"awards" : 33,
		"release_date" : "1974-02-19 00:00:00",
		"length" : 184,
		"genre_id" : 1,
		"revenue" : 138319144,
		"director_id" : 72
	},
	{
		"id" : 149,
		"created_at" : "1986-12-17 15:36:46",
		"updated_at" : "2011-03-07 01:30:34",
		"title" : "Corporis deserunt occaecati.",
		"awards" : 28,
		"release_date" : "1992-06-14 00:00:00",
		"length" : 114,
		"genre_id" : 1,
		"revenue" : 137568281,
		"director_id" : 72
	},
	{
		"id" : 150,
		"created_at" : "1995-10-31 20:00:12",
		"updated_at" : "1976-10-25 16:48:32",
		"title" : "Quod consequatur et.",
		"awards" : 23,
		"release_date" : "1998-04-30 00:00:00",
		"length" : 146,
		"genre_id" : 1,
		"revenue" : 158783414,
		"director_id" : 72
	},
	{
		"id" : 151,
		"created_at" : "1987-10-19 16:03:30",
		"updated_at" : "1993-06-20 06:10:52",
		"title" : "Omnis qui molestias et.",
		"awards" : 30,
		"release_date" : "1997-09-27 00:00:00",
		"length" : 227,
		"genre_id" : 1,
		"revenue" : 69833044,
		"director_id" : 72
	},
	{
		"id" : 152,
		"created_at" : "1976-02-24 10:26:41",
		"updated_at" : "2010-03-29 19:25:35",
		"title" : "Quis ipsam assumenda in.",
		"awards" : 17,
		"release_date" : "2009-03-20 00:00:00",
		"length" : 141,
		"genre_id" : 1,
		"revenue" : 32792798,
		"director_id" : 73
	},
	{
		"id" : 153,
		"created_at" : "1982-05-17 20:28:27",
		"updated_at" : "1999-10-28 10:33:18",
		"title" : "Et aut hic.",
		"awards" : 31,
		"release_date" : "1983-05-29 00:00:00",
		"length" : 110,
		"genre_id" : 1,
		"revenue" : 39933834,
		"director_id" : 73
	},
	{
		"id" : 154,
		"created_at" : "1994-05-06 17:13:25",
		"updated_at" : "1976-12-01 00:58:29",
		"title" : "Eos officia eius assumenda.",
		"awards" : 23,
		"release_date" : "2002-03-23 00:00:00",
		"length" : 175,
		"genre_id" : 1,
		"revenue" : 119230243,
		"director_id" : 73
	},
	{
		"id" : 155,
		"created_at" : "1997-04-25 01:07:46",
		"updated_at" : "2001-08-02 04:11:06",
		"title" : "Non saepe soluta voluptate.",
		"awards" : 29,
		"release_date" : "1996-07-25 00:00:00",
		"length" : 111,
		"genre_id" : 1,
		"revenue" : 291417024,
		"director_id" : 73
	},
	{
		"id" : 156,
		"created_at" : "1988-03-12 05:15:05",
		"updated_at" : "1984-05-08 23:26:33",
		"title" : "Quae est quas.",
		"awards" : 15,
		"release_date" : "1972-11-19 00:00:00",
		"length" : 121,
		"genre_id" : 1,
		"revenue" : 148600125,
		"director_id" : 73
	},
	{
		"id" : 157,
		"created_at" : "1979-11-11 02:44:08",
		"updated_at" : "1999-02-06 01:10:41",
		"title" : "Repudiandae ea perferendis.",
		"awards" : 27,
		"release_date" : "1995-08-09 00:00:00",
		"length" : 185,
		"genre_id" : 1,
		"revenue" : 135436596,
		"director_id" : 74
	},
	{
		"id" : 158,
		"created_at" : "1971-04-14 07:57:46",
		"updated_at" : "1981-10-18 03:16:45",
		"title" : "Vitae velit ducimus ullam.",
		"awards" : 22,
		"release_date" : "2017-07-06 00:00:00",
		"length" : 198,
		"genre_id" : 1,
		"revenue" : 87895502,
		"director_id" : 74
	},
	{
		"id" : 159,
		"created_at" : "1993-08-14 15:01:59",
		"updated_at" : "1986-12-15 20:50:21",
		"title" : "Non libero distinctio velit.",
		"awards" : 10,
		"release_date" : "2007-08-15 00:00:00",
		"length" : 148,
		"genre_id" : 1,
		"revenue" : 152007416,
		"director_id" : 74
	},
	{
		"id" : 160,
		"created_at" : "2015-08-11 16:54:04",
		"updated_at" : "2017-12-17 14:02:06",
		"title" : "Rerum molestiae fugit tenetur.",
		"awards" : 31,
		"release_date" : "2018-07-16 00:00:00",
		"length" : 196,
		"genre_id" : 1,
		"revenue" : 2243891,
		"director_id" : 74
	},
	{
		"id" : 161,
		"created_at" : "1971-06-05 11:13:01",
		"updated_at" : "1970-06-23 17:32:30",
		"title" : "Reiciendis necessitatibus dolorem nihil.",
		"awards" : 6,
		"release_date" : "1991-11-27 00:00:00",
		"length" : 119,
		"genre_id" : 1,
		"revenue" : 175842530,
		"director_id" : 74
	},
	{
		"id" : 162,
		"created_at" : "2011-08-25 09:26:45",
		"updated_at" : "1997-09-17 00:36:09",
		"title" : "Voluptas praesentium delectus molestias.",
		"awards" : 6,
		"release_date" : "2009-05-02 00:00:00",
		"length" : 110,
		"genre_id" : 1,
		"revenue" : 252497088,
		"director_id" : 75
	},
	{
		"id" : 163,
		"created_at" : "1994-04-30 15:52:29",
		"updated_at" : "1997-09-23 11:12:13",
		"title" : "Iure fugit iure.",
		"awards" : 26,
		"release_date" : "1987-09-18 00:00:00",
		"length" : 161,
		"genre_id" : 1,
		"revenue" : 181987520,
		"director_id" : 75
	},
	{
		"id" : 164,
		"created_at" : "1982-09-10 22:27:39",
		"updated_at" : "2019-04-29 04:36:45",
		"title" : "Autem et nemo quasi.",
		"awards" : 6,
		"release_date" : "2017-01-15 00:00:00",
		"length" : 233,
		"genre_id" : 1,
		"revenue" : 212785052,
		"director_id" : 75
	},
	{
		"id" : 165,
		"created_at" : "1986-01-13 14:18:43",
		"updated_at" : "1982-10-05 19:10:05",
		"title" : "Voluptatem ex officiis natus.",
		"awards" : 17,
		"release_date" : "1985-09-15 00:00:00",
		"length" : 223,
		"genre_id" : 1,
		"revenue" : 7241397,
		"director_id" : 75
	},
	{
		"id" : 166,
		"created_at" : "2009-04-20 19:36:32",
		"updated_at" : "2005-04-11 03:33:13",
		"title" : "Cupiditate laudantium voluptates vel.",
		"awards" : 18,
		"release_date" : "1993-03-05 00:00:00",
		"length" : 112,
		"genre_id" : 1,
		"revenue" : 79534228,
		"director_id" : 75
	},
	{
		"id" : 167,
		"created_at" : "2010-05-30 04:45:05",
		"updated_at" : "1974-07-28 06:31:43",
		"title" : "Non nobis voluptas vitae.",
		"awards" : 17,
		"release_date" : "2002-12-25 00:00:00",
		"length" : 100,
		"genre_id" : 1,
		"revenue" : 79938390,
		"director_id" : 76
	},
	{
		"id" : 168,
		"created_at" : "1974-02-03 04:57:36",
		"updated_at" : "2005-12-16 11:21:38",
		"title" : "Perspiciatis ea eum.",
		"awards" : 24,
		"release_date" : "1974-06-30 00:00:00",
		"length" : 140,
		"genre_id" : 1,
		"revenue" : 145006140,
		"director_id" : 76
	},
	{
		"id" : 169,
		"created_at" : "2005-11-18 16:00:38",
		"updated_at" : "1985-06-03 22:40:01",
		"title" : "Perferendis vel aut aut quia.",
		"awards" : 10,
		"release_date" : "2000-02-26 00:00:00",
		"length" : 141,
		"genre_id" : 1,
		"revenue" : 87586009,
		"director_id" : 76
	},
	{
		"id" : 170,
		"created_at" : "1975-11-01 18:15:23",
		"updated_at" : "2005-01-17 15:51:43",
		"title" : "Quaerat eius et.",
		"awards" : 7,
		"release_date" : "1974-10-15 00:00:00",
		"length" : 157,
		"genre_id" : 1,
		"revenue" : 136015193,
		"director_id" : 76
	},
	{
		"id" : 171,
		"created_at" : "1976-03-14 06:25:21",
		"updated_at" : "1991-11-04 13:35:24",
		"title" : "Vero aut sunt.",
		"awards" : 29,
		"release_date" : "1975-08-01 00:00:00",
		"length" : 239,
		"genre_id" : 1,
		"revenue" : 118991381,
		"director_id" : 76
	},
	{
		"id" : 172,
		"created_at" : "1976-07-28 04:12:58",
		"updated_at" : "1994-01-14 07:36:23",
		"title" : "Illo unde cumque nemo.",
		"awards" : 21,
		"release_date" : "1989-07-23 00:00:00",
		"length" : 107,
		"genre_id" : 1,
		"revenue" : 248850670,
		"director_id" : 77
	},
	{
		"id" : 173,
		"created_at" : "2001-01-21 08:45:10",
		"updated_at" : "2018-08-18 12:58:31",
		"title" : "Fugiat qui vel deserunt.",
		"awards" : 34,
		"release_date" : "2018-05-24 00:00:00",
		"length" : 232,
		"genre_id" : 1,
		"revenue" : 155549493,
		"director_id" : 77
	},
	{
		"id" : 174,
		"created_at" : "1983-08-19 12:20:09",
		"updated_at" : "1977-12-29 10:32:07",
		"title" : "Doloremque eum deserunt.",
		"awards" : 5,
		"release_date" : "2012-05-12 00:00:00",
		"length" : 134,
		"genre_id" : 1,
		"revenue" : 233577616,
		"director_id" : 77
	},
	{
		"id" : 175,
		"created_at" : "1975-11-15 20:22:55",
		"updated_at" : "2010-12-09 13:20:54",
		"title" : "Est saepe voluptatem odio.",
		"awards" : 33,
		"release_date" : "1981-12-31 00:00:00",
		"length" : 219,
		"genre_id" : 1,
		"revenue" : 276341451,
		"director_id" : 77
	},
	{
		"id" : 176,
		"created_at" : "2002-05-30 07:01:33",
		"updated_at" : "2005-08-27 19:45:30",
		"title" : "Accusamus dolor quis dolor.",
		"awards" : 29,
		"release_date" : "1978-08-21 00:00:00",
		"length" : 125,
		"genre_id" : 1,
		"revenue" : 144445268,
		"director_id" : 77
	},
	{
		"id" : 177,
		"created_at" : "1998-05-30 18:29:30",
		"updated_at" : "1977-10-12 20:05:36",
		"title" : "Quidem maiores architecto ut.",
		"awards" : 29,
		"release_date" : "1974-11-26 00:00:00",
		"length" : 216,
		"genre_id" : 1,
		"revenue" : 159569228,
		"director_id" : 78
	},
	{
		"id" : 178,
		"created_at" : "1993-03-27 12:18:27",
		"updated_at" : "2017-06-09 17:28:54",
		"title" : "Totam ut in qui laborum.",
		"awards" : 12,
		"release_date" : "2002-04-18 00:00:00",
		"length" : 148,
		"genre_id" : 1,
		"revenue" : 43063105,
		"director_id" : 78
	},
	{
		"id" : 179,
		"created_at" : "2010-06-24 23:57:34",
		"updated_at" : "1999-05-10 23:09:40",
		"title" : "Maiores atque eaque est.",
		"awards" : 21,
		"release_date" : "2003-02-01 00:00:00",
		"length" : 239,
		"genre_id" : 1,
		"revenue" : 145935282,
		"director_id" : 78
	},
	{
		"id" : 180,
		"created_at" : "1983-07-18 07:34:53",
		"updated_at" : "1998-02-15 08:45:00",
		"title" : "Atque assumenda quas excepturi.",
		"awards" : 27,
		"release_date" : "2000-04-28 00:00:00",
		"length" : 217,
		"genre_id" : 1,
		"revenue" : 102090651,
		"director_id" : 78
	},
	{
		"id" : 181,
		"created_at" : "2000-11-14 02:56:52",
		"updated_at" : "2016-06-25 19:00:51",
		"title" : "Consequatur sint molestiae voluptate.",
		"awards" : 16,
		"release_date" : "1990-08-04 00:00:00",
		"length" : 104,
		"genre_id" : 1,
		"revenue" : 96416033,
		"director_id" : 78
	},
	{
		"id" : 182,
		"created_at" : "1976-05-10 12:36:08",
		"updated_at" : "2000-12-11 20:49:01",
		"title" : "Autem explicabo quia.",
		"awards" : 22,
		"release_date" : "1985-02-13 00:00:00",
		"length" : 181,
		"genre_id" : 1,
		"revenue" : 251564249,
		"director_id" : 79
	},
	{
		"id" : 183,
		"created_at" : "1980-01-19 02:17:28",
		"updated_at" : "2002-08-18 05:30:47",
		"title" : "Ipsam nihil accusamus.",
		"awards" : 13,
		"release_date" : "2006-08-13 00:00:00",
		"length" : 240,
		"genre_id" : 1,
		"revenue" : 114700427,
		"director_id" : 79
	},
	{
		"id" : 184,
		"created_at" : "1974-12-23 00:36:41",
		"updated_at" : "2005-11-29 13:01:51",
		"title" : "Et quia in ad reiciendis.",
		"awards" : 30,
		"release_date" : "1985-03-09 00:00:00",
		"length" : 164,
		"genre_id" : 1,
		"revenue" : 65064246,
		"director_id" : 79
	},
	{
		"id" : 185,
		"created_at" : "1997-06-08 03:57:26",
		"updated_at" : "1972-02-13 10:34:31",
		"title" : "Doloremque voluptates amet.",
		"awards" : 14,
		"release_date" : "1986-07-18 00:00:00",
		"length" : 233,
		"genre_id" : 1,
		"revenue" : 183294024,
		"director_id" : 79
	},
	{
		"id" : 186,
		"created_at" : "1971-08-15 21:14:16",
		"updated_at" : "1986-10-29 06:28:44",
		"title" : "Doloribus quis.",
		"awards" : 31,
		"release_date" : "2018-02-25 00:00:00",
		"length" : 223,
		"genre_id" : 1,
		"revenue" : 290412834,
		"director_id" : 79
	},
	{
		"id" : 187,
		"created_at" : "2016-07-08 08:59:50",
		"updated_at" : "2003-10-14 06:45:43",
		"title" : "Suscipit placeat dolor.",
		"awards" : 21,
		"release_date" : "1979-06-09 00:00:00",
		"length" : 217,
		"genre_id" : 1,
		"revenue" : 66109550,
		"director_id" : 80
	},
	{
		"id" : 188,
		"created_at" : "2002-01-16 22:59:33",
		"updated_at" : "1997-10-07 01:52:22",
		"title" : "Expedita dolor assumenda minus laboriosam.",
		"awards" : 13,
		"release_date" : "1995-01-13 00:00:00",
		"length" : 152,
		"genre_id" : 1,
		"revenue" : 226147622,
		"director_id" : 80
	},
	{
		"id" : 189,
		"created_at" : "1999-10-09 13:47:51",
		"updated_at" : "1970-09-07 05:46:25",
		"title" : "Sint qui beatae assumenda.",
		"awards" : 23,
		"release_date" : "1985-08-22 00:00:00",
		"length" : 211,
		"genre_id" : 1,
		"revenue" : 194862640,
		"director_id" : 80
	},
	{
		"id" : 190,
		"created_at" : "2016-07-12 10:20:06",
		"updated_at" : "2007-02-07 17:19:59",
		"title" : "Ex commodi consequuntur et explicabo.",
		"awards" : 8,
		"release_date" : "1975-12-25 00:00:00",
		"length" : 223,
		"genre_id" : 1,
		"revenue" : 299247695,
		"director_id" : 80
	},
	{
		"id" : 191,
		"created_at" : "2015-01-10 20:39:19",
		"updated_at" : "1993-01-27 08:58:55",
		"title" : "Tempore omnis totam fugit et.",
		"awards" : 6,
		"release_date" : "1981-12-12 00:00:00",
		"length" : 228,
		"genre_id" : 1,
		"revenue" : 177434560,
		"director_id" : 80
	},
	{
		"id" : 192,
		"created_at" : "1992-03-26 23:38:06",
		"updated_at" : "2014-01-14 08:27:57",
		"title" : "Facilis illum ducimus.",
		"awards" : 5,
		"release_date" : "1984-08-24 00:00:00",
		"length" : 214,
		"genre_id" : 1,
		"revenue" : 109435552,
		"director_id" : 81
	},
	{
		"id" : 193,
		"created_at" : "2002-01-15 13:37:04",
		"updated_at" : "2013-11-24 08:50:05",
		"title" : "Molestias et explicabo ut.",
		"awards" : 13,
		"release_date" : "2003-02-22 00:00:00",
		"length" : 122,
		"genre_id" : 1,
		"revenue" : 52979816,
		"director_id" : 81
	},
	{
		"id" : 194,
		"created_at" : "2005-10-09 14:45:59",
		"updated_at" : "1987-11-23 20:35:36",
		"title" : "Tempora accusamus.",
		"awards" : 17,
		"release_date" : "2001-11-03 00:00:00",
		"length" : 184,
		"genre_id" : 1,
		"revenue" : 89473271,
		"director_id" : 81
	},
	{
		"id" : 195,
		"created_at" : "1983-10-05 16:01:05",
		"updated_at" : "2008-10-17 11:59:50",
		"title" : "Rerum atque dolor ut.",
		"awards" : 26,
		"release_date" : "1981-12-03 00:00:00",
		"length" : 235,
		"genre_id" : 1,
		"revenue" : 180421251,
		"director_id" : 81
	},
	{
		"id" : 196,
		"created_at" : "2011-07-24 19:07:37",
		"updated_at" : "1996-04-14 02:57:11",
		"title" : "Dolorem quae excepturi.",
		"awards" : 9,
		"release_date" : "1976-09-20 00:00:00",
		"length" : 240,
		"genre_id" : 1,
		"revenue" : 23732259,
		"director_id" : 81
	},
	{
		"id" : 197,
		"created_at" : "1979-01-29 18:25:32",
		"updated_at" : "1976-08-05 03:03:18",
		"title" : "Voluptates similique maxime.",
		"awards" : 17,
		"release_date" : "1988-08-30 00:00:00",
		"length" : 182,
		"genre_id" : 1,
		"revenue" : 108891479,
		"director_id" : 82
	},
	{
		"id" : 198,
		"created_at" : "2001-07-31 17:32:30",
		"updated_at" : "2014-06-15 16:23:46",
		"title" : "Eius debitis officiis quia.",
		"awards" : 30,
		"release_date" : "1988-03-29 00:00:00",
		"length" : 143,
		"genre_id" : 1,
		"revenue" : 127285542,
		"director_id" : 82
	},
	{
		"id" : 199,
		"created_at" : "2007-08-11 00:15:11",
		"updated_at" : "2009-07-12 03:58:14",
		"title" : "Cupiditate et ut et.",
		"awards" : 31,
		"release_date" : "1973-08-21 00:00:00",
		"length" : 157,
		"genre_id" : 1,
		"revenue" : 103793869,
		"director_id" : 82
	},
	{
		"id" : 200,
		"created_at" : "1981-07-09 11:51:22",
		"updated_at" : "1976-07-26 20:02:05",
		"title" : "Odit nesciunt nam sed.",
		"awards" : 21,
		"release_date" : "1994-07-23 00:00:00",
		"length" : 121,
		"genre_id" : 1,
		"revenue" : 233226623,
		"director_id" : 82
	},
	{
		"id" : 201,
		"created_at" : "2011-06-09 19:18:28",
		"updated_at" : "2011-10-30 21:52:26",
		"title" : "Est ut aut sit.",
		"awards" : 15,
		"release_date" : "1994-11-15 00:00:00",
		"length" : 201,
		"genre_id" : 1,
		"revenue" : 130688236,
		"director_id" : 82
	},
	{
		"id" : 202,
		"created_at" : "1973-03-27 11:07:26",
		"updated_at" : "1977-06-04 11:42:35",
		"title" : "Quod vel neque.",
		"awards" : 19,
		"release_date" : "2009-10-26 00:00:00",
		"length" : 121,
		"genre_id" : 1,
		"revenue" : 92059408,
		"director_id" : 83
	},
	{
		"id" : 203,
		"created_at" : "1977-01-20 21:26:32",
		"updated_at" : "2019-01-10 03:24:56",
		"title" : "Sint ut dolor omnis.",
		"awards" : 21,
		"release_date" : "1990-08-30 00:00:00",
		"length" : 132,
		"genre_id" : 1,
		"revenue" : 284739477,
		"director_id" : 83
	},
	{
		"id" : 204,
		"created_at" : "2002-08-19 05:28:46",
		"updated_at" : "1978-11-28 00:30:33",
		"title" : "Laudantium distinctio ea.",
		"awards" : 14,
		"release_date" : "2013-09-24 00:00:00",
		"length" : 185,
		"genre_id" : 1,
		"revenue" : 39086914,
		"director_id" : 83
	},
	{
		"id" : 205,
		"created_at" : "1984-09-26 11:18:33",
		"updated_at" : "2011-12-28 21:19:10",
		"title" : "Id quis quis quia.",
		"awards" : 6,
		"release_date" : "1995-02-02 00:00:00",
		"length" : 187,
		"genre_id" : 1,
		"revenue" : 295146913,
		"director_id" : 83
	},
	{
		"id" : 206,
		"created_at" : "1988-11-17 17:05:34",
		"updated_at" : "2016-06-25 16:10:26",
		"title" : "Vel delectus nesciunt vel.",
		"awards" : 20,
		"release_date" : "1976-10-23 00:00:00",
		"length" : 143,
		"genre_id" : 1,
		"revenue" : 249656783,
		"director_id" : 83
	},
	{
		"id" : 207,
		"created_at" : "1973-02-18 08:05:26",
		"updated_at" : "2006-03-12 05:33:06",
		"title" : "Tempora hic incidunt.",
		"awards" : 27,
		"release_date" : "1987-06-28 00:00:00",
		"length" : 155,
		"genre_id" : 1,
		"revenue" : 117669699,
		"director_id" : 84
	},
	{
		"id" : 208,
		"created_at" : "1995-04-11 09:09:32",
		"updated_at" : "1971-05-12 09:22:08",
		"title" : "Vero praesentium ut voluptatibus.",
		"awards" : 18,
		"release_date" : "2002-05-12 00:00:00",
		"length" : 126,
		"genre_id" : 1,
		"revenue" : 24355686,
		"director_id" : 84
	},
	{
		"id" : 209,
		"created_at" : "1972-06-16 06:22:50",
		"updated_at" : "1988-03-22 21:37:37",
		"title" : "Rem officia quis nulla.",
		"awards" : 30,
		"release_date" : "2017-09-13 00:00:00",
		"length" : 104,
		"genre_id" : 1,
		"revenue" : 126661947,
		"director_id" : 84
	},
	{
		"id" : 210,
		"created_at" : "2017-03-24 15:20:06",
		"updated_at" : "1988-03-28 16:10:16",
		"title" : "Officia sed id eum.",
		"awards" : 23,
		"release_date" : "1972-11-06 00:00:00",
		"length" : 181,
		"genre_id" : 1,
		"revenue" : 284237431,
		"director_id" : 84
	},
	{
		"id" : 211,
		"created_at" : "1986-06-05 16:11:23",
		"updated_at" : "2000-08-06 14:54:56",
		"title" : "Labore modi in.",
		"awards" : 19,
		"release_date" : "1988-01-26 00:00:00",
		"length" : 122,
		"genre_id" : 1,
		"revenue" : 40143158,
		"director_id" : 84
	},
	{
		"id" : 212,
		"created_at" : "2008-07-25 08:34:14",
		"updated_at" : "2010-07-10 22:41:23",
		"title" : "Cum cumque quibusdam at.",
		"awards" : 11,
		"release_date" : "1983-01-31 00:00:00",
		"length" : 166,
		"genre_id" : 1,
		"revenue" : 98397288,
		"director_id" : 85
	},
	{
		"id" : 213,
		"created_at" : "1972-07-10 13:44:53",
		"updated_at" : "1987-06-07 15:11:20",
		"title" : "Rerum cum.",
		"awards" : 23,
		"release_date" : "1979-03-20 00:00:00",
		"length" : 127,
		"genre_id" : 1,
		"revenue" : 220503198,
		"director_id" : 85
	},
	{
		"id" : 214,
		"created_at" : "2006-05-13 18:00:58",
		"updated_at" : "1999-07-30 18:04:18",
		"title" : "Corrupti necessitatibus voluptates facilis.",
		"awards" : 3,
		"release_date" : "2003-07-06 00:00:00",
		"length" : 149,
		"genre_id" : 1,
		"revenue" : 103096514,
		"director_id" : 85
	},
	{
		"id" : 215,
		"created_at" : "1989-12-15 22:02:18",
		"updated_at" : "1975-02-27 04:45:38",
		"title" : "A velit reiciendis.",
		"awards" : 6,
		"release_date" : "1989-12-22 00:00:00",
		"length" : 111,
		"genre_id" : 1,
		"revenue" : 25701104,
		"director_id" : 85
	},
	{
		"id" : 216,
		"created_at" : "1982-06-17 00:25:28",
		"updated_at" : "1996-10-31 08:29:49",
		"title" : "Consequuntur minus est.",
		"awards" : 30,
		"release_date" : "1975-08-12 00:00:00",
		"length" : 130,
		"genre_id" : 1,
		"revenue" : 242278047,
		"director_id" : 85
	},
	{
		"id" : 217,
		"created_at" : "2013-10-21 21:01:16",
		"updated_at" : "2006-01-09 04:19:48",
		"title" : "Quis distinctio.",
		"awards" : 31,
		"release_date" : "1994-01-16 00:00:00",
		"length" : 157,
		"genre_id" : 1,
		"revenue" : 156963237,
		"director_id" : 86
	},
	{
		"id" : 218,
		"created_at" : "1990-08-16 04:22:48",
		"updated_at" : "1983-02-08 00:11:29",
		"title" : "Eligendi ut nemo inventore.",
		"awards" : 4,
		"release_date" : "1989-06-30 00:00:00",
		"length" : 141,
		"genre_id" : 1,
		"revenue" : 176634544,
		"director_id" : 86
	},
	{
		"id" : 219,
		"created_at" : "1995-02-10 22:51:46",
		"updated_at" : "2008-01-25 11:29:28",
		"title" : "Est dolor enim.",
		"awards" : 30,
		"release_date" : "2015-01-19 00:00:00",
		"length" : 183,
		"genre_id" : 1,
		"revenue" : 255565335,
		"director_id" : 86
	},
	{
		"id" : 220,
		"created_at" : "1979-11-14 05:50:15",
		"updated_at" : "1971-01-21 16:55:52",
		"title" : "Soluta aperiam dolores.",
		"awards" : 9,
		"release_date" : "2002-03-27 00:00:00",
		"length" : 141,
		"genre_id" : 1,
		"revenue" : 98548907,
		"director_id" : 86
	},
	{
		"id" : 221,
		"created_at" : "1988-02-03 21:32:32",
		"updated_at" : "1983-10-26 11:15:43",
		"title" : "Error est reiciendis aut.",
		"awards" : 30,
		"release_date" : "2015-11-16 00:00:00",
		"length" : 207,
		"genre_id" : 1,
		"revenue" : 135111273,
		"director_id" : 86
	},
	{
		"id" : 222,
		"created_at" : "2008-09-16 12:33:06",
		"updated_at" : "1986-07-25 14:17:07",
		"title" : "Quia totam quis minus.",
		"awards" : 10,
		"release_date" : "1997-06-03 00:00:00",
		"length" : 103,
		"genre_id" : 1,
		"revenue" : 144138547,
		"director_id" : 87
	},
	{
		"id" : 223,
		"created_at" : "2012-10-24 23:18:35",
		"updated_at" : "1977-06-04 03:42:17",
		"title" : "Eaque ad molestias sit qui.",
		"awards" : 30,
		"release_date" : "1998-09-29 00:00:00",
		"length" : 127,
		"genre_id" : 1,
		"revenue" : 12384350,
		"director_id" : 87
	},
	{
		"id" : 224,
		"created_at" : "1979-02-08 16:21:41",
		"updated_at" : "1993-01-25 15:38:11",
		"title" : "Optio error sed.",
		"awards" : 9,
		"release_date" : "2004-12-02 00:00:00",
		"length" : 103,
		"genre_id" : 1,
		"revenue" : 53994013,
		"director_id" : 87
	},
	{
		"id" : 225,
		"created_at" : "1993-03-23 14:21:16",
		"updated_at" : "2019-06-30 04:35:56",
		"title" : "Delectus nostrum iste sapiente.",
		"awards" : 23,
		"release_date" : "2000-02-29 00:00:00",
		"length" : 217,
		"genre_id" : 1,
		"revenue" : 8720575,
		"director_id" : 87
	},
	{
		"id" : 226,
		"created_at" : "1986-07-22 19:47:50",
		"updated_at" : "2005-05-03 02:13:25",
		"title" : "Impedit aut ad.",
		"awards" : 17,
		"release_date" : "2015-11-28 00:00:00",
		"length" : 218,
		"genre_id" : 1,
		"revenue" : 34536270,
		"director_id" : 87
	},
	{
		"id" : 227,
		"created_at" : "1981-03-06 18:45:16",
		"updated_at" : "1984-07-18 05:20:35",
		"title" : "Sint et repellat.",
		"awards" : 22,
		"release_date" : "1985-12-03 00:00:00",
		"length" : 216,
		"genre_id" : 1,
		"revenue" : 107222886,
		"director_id" : 88
	},
	{
		"id" : 228,
		"created_at" : "1980-09-26 22:38:47",
		"updated_at" : "1986-12-10 01:12:47",
		"title" : "Magni eos ut.",
		"awards" : 35,
		"release_date" : "1995-02-18 00:00:00",
		"length" : 131,
		"genre_id" : 1,
		"revenue" : 71521418,
		"director_id" : 88
	},
	{
		"id" : 229,
		"created_at" : "2016-09-05 08:15:32",
		"updated_at" : "1992-06-04 17:25:29",
		"title" : "Facere tempore ad est.",
		"awards" : 13,
		"release_date" : "1970-04-14 00:00:00",
		"length" : 198,
		"genre_id" : 1,
		"revenue" : 32378843,
		"director_id" : 88
	},
	{
		"id" : 230,
		"created_at" : "1980-11-27 15:53:18",
		"updated_at" : "2011-04-12 11:12:36",
		"title" : "Omnis deserunt reiciendis sunt.",
		"awards" : 32,
		"release_date" : "1994-12-28 00:00:00",
		"length" : 154,
		"genre_id" : 1,
		"revenue" : 138688764,
		"director_id" : 88
	},
	{
		"id" : 231,
		"created_at" : "2013-03-20 18:09:42",
		"updated_at" : "2012-08-07 05:47:29",
		"title" : "Saepe id non quidem.",
		"awards" : 5,
		"release_date" : "2008-01-11 00:00:00",
		"length" : 124,
		"genre_id" : 1,
		"revenue" : 31937361,
		"director_id" : 88
	},
	{
		"id" : 232,
		"created_at" : "2016-08-16 07:17:32",
		"updated_at" : "1972-06-17 20:11:26",
		"title" : "Excepturi quaerat neque eius.",
		"awards" : 6,
		"release_date" : "2017-01-21 00:00:00",
		"length" : 226,
		"genre_id" : 1,
		"revenue" : 198382374,
		"director_id" : 89
	},
	{
		"id" : 233,
		"created_at" : "2002-03-23 04:28:46",
		"updated_at" : "2010-02-22 21:24:53",
		"title" : "Sed illo libero aut expedita.",
		"awards" : 18,
		"release_date" : "1993-02-06 00:00:00",
		"length" : 232,
		"genre_id" : 1,
		"revenue" : 18429120,
		"director_id" : 89
	},
	{
		"id" : 234,
		"created_at" : "2013-03-03 01:50:28",
		"updated_at" : "1979-02-27 10:15:14",
		"title" : "Atque velit quasi doloremque.",
		"awards" : 22,
		"release_date" : "1990-05-04 00:00:00",
		"length" : 130,
		"genre_id" : 1,
		"revenue" : 226195506,
		"director_id" : 89
	},
	{
		"id" : 235,
		"created_at" : "1993-03-12 04:01:34",
		"updated_at" : "2009-08-15 12:56:21",
		"title" : "Est repellendus.",
		"awards" : 16,
		"release_date" : "1992-08-04 00:00:00",
		"length" : 157,
		"genre_id" : 1,
		"revenue" : 262504709,
		"director_id" : 89
	},
	{
		"id" : 236,
		"created_at" : "1999-08-17 02:24:57",
		"updated_at" : "1998-09-20 03:04:06",
		"title" : "Quia eveniet culpa.",
		"awards" : 27,
		"release_date" : "2016-03-08 00:00:00",
		"length" : 140,
		"genre_id" : 1,
		"revenue" : 86776300,
		"director_id" : 89
	},
	{
		"id" : 237,
		"created_at" : "1989-06-23 08:48:56",
		"updated_at" : "2006-04-30 20:05:39",
		"title" : "Blanditiis consequatur voluptates.",
		"awards" : 28,
		"release_date" : "1987-02-11 00:00:00",
		"length" : 199,
		"genre_id" : 1,
		"revenue" : 211708367,
		"director_id" : 90
	},
	{
		"id" : 238,
		"created_at" : "1977-04-03 05:47:01",
		"updated_at" : "1995-10-25 15:17:45",
		"title" : "Iusto neque officiis delectus.",
		"awards" : 23,
		"release_date" : "2012-12-30 00:00:00",
		"length" : 192,
		"genre_id" : 1,
		"revenue" : 218573634,
		"director_id" : 90
	},
	{
		"id" : 239,
		"created_at" : "1998-09-26 01:35:29",
		"updated_at" : "2000-02-23 20:42:41",
		"title" : "Repellendus illo aut.",
		"awards" : 26,
		"release_date" : "1974-12-18 00:00:00",
		"length" : 213,
		"genre_id" : 1,
		"revenue" : 74030711,
		"director_id" : 90
	},
	{
		"id" : 240,
		"created_at" : "1983-07-07 18:27:16",
		"updated_at" : "2007-04-30 04:02:34",
		"title" : "Accusamus itaque voluptas cumque.",
		"awards" : 17,
		"release_date" : "2010-09-04 00:00:00",
		"length" : 233,
		"genre_id" : 1,
		"revenue" : 57630868,
		"director_id" : 90
	},
	{
		"id" : 241,
		"created_at" : "2018-06-10 17:12:33",
		"updated_at" : "2000-01-22 10:49:52",
		"title" : "Distinctio mollitia aut repellat.",
		"awards" : 30,
		"release_date" : "2004-06-13 00:00:00",
		"length" : 165,
		"genre_id" : 1,
		"revenue" : 92444834,
		"director_id" : 90
	},
	{
		"id" : 242,
		"created_at" : "2019-05-17 21:05:18",
		"updated_at" : "1983-12-16 06:15:10",
		"title" : "Expedita aut sit.",
		"awards" : 11,
		"release_date" : "1972-01-26 00:00:00",
		"length" : 112,
		"genre_id" : 1,
		"revenue" : 79899757,
		"director_id" : 91
	},
	{
		"id" : 243,
		"created_at" : "2000-03-17 18:42:32",
		"updated_at" : "1985-08-01 02:51:29",
		"title" : "Voluptas laboriosam architecto incidunt.",
		"awards" : 24,
		"release_date" : "1996-01-18 00:00:00",
		"length" : 172,
		"genre_id" : 1,
		"revenue" : 188983190,
		"director_id" : 91
	},
	{
		"id" : 244,
		"created_at" : "1997-12-08 16:09:27",
		"updated_at" : "1990-02-23 14:15:30",
		"title" : "Reprehenderit rerum et voluptates itaque.",
		"awards" : 9,
		"release_date" : "2003-09-02 00:00:00",
		"length" : 102,
		"genre_id" : 1,
		"revenue" : 42048795,
		"director_id" : 91
	},
	{
		"id" : 245,
		"created_at" : "1987-01-21 23:36:30",
		"updated_at" : "1974-03-19 17:39:29",
		"title" : "Laborum incidunt nulla ut.",
		"awards" : 35,
		"release_date" : "1983-01-17 00:00:00",
		"length" : 179,
		"genre_id" : 1,
		"revenue" : 87350372,
		"director_id" : 91
	},
	{
		"id" : 246,
		"created_at" : "2013-10-21 16:39:22",
		"updated_at" : "2016-09-07 23:44:11",
		"title" : "Aut omnis velit.",
		"awards" : 25,
		"release_date" : "1982-06-17 00:00:00",
		"length" : 161,
		"genre_id" : 1,
		"revenue" : 267979682,
		"director_id" : 91
	},
	{
		"id" : 247,
		"created_at" : "2007-07-29 22:45:16",
		"updated_at" : "1996-07-04 08:35:02",
		"title" : "Blanditiis a odit.",
		"awards" : 32,
		"release_date" : "2005-10-25 00:00:00",
		"length" : 225,
		"genre_id" : 1,
		"revenue" : 271349093,
		"director_id" : 92
	},
	{
		"id" : 248,
		"created_at" : "1972-06-01 20:04:54",
		"updated_at" : "1978-02-23 14:05:08",
		"title" : "Iste dolore et omnis.",
		"awards" : 20,
		"release_date" : "1983-04-15 00:00:00",
		"length" : 143,
		"genre_id" : 1,
		"revenue" : 221843277,
		"director_id" : 92
	},
	{
		"id" : 249,
		"created_at" : "1990-10-26 06:22:48",
		"updated_at" : "1973-03-23 12:09:48",
		"title" : "Minima ut laborum quibusdam.",
		"awards" : 7,
		"release_date" : "2003-08-29 00:00:00",
		"length" : 113,
		"genre_id" : 1,
		"revenue" : 254255039,
		"director_id" : 92
	},
	{
		"id" : 250,
		"created_at" : "2002-10-06 03:34:44",
		"updated_at" : "2019-05-14 12:32:38",
		"title" : "Blanditiis unde eius.",
		"awards" : 4,
		"release_date" : "2017-07-24 00:00:00",
		"length" : 111,
		"genre_id" : 1,
		"revenue" : 275735616,
		"director_id" : 92
	},
	{
		"id" : 251,
		"created_at" : "1995-07-24 00:13:31",
		"updated_at" : "1994-03-22 08:23:47",
		"title" : "Nisi similique pariatur.",
		"awards" : 27,
		"release_date" : "2000-04-25 00:00:00",
		"length" : 133,
		"genre_id" : 1,
		"revenue" : 263233842,
		"director_id" : 92
	},
	{
		"id" : 252,
		"created_at" : "1973-08-12 22:37:58",
		"updated_at" : "1999-03-20 15:52:01",
		"title" : "Et tenetur consequuntur itaque.",
		"awards" : 3,
		"release_date" : "1970-12-27 00:00:00",
		"length" : 176,
		"genre_id" : 1,
		"revenue" : 2557407,
		"director_id" : 93
	},
	{
		"id" : 253,
		"created_at" : "1978-03-10 20:38:19",
		"updated_at" : "2008-03-03 15:43:31",
		"title" : "Laudantium repudiandae aliquam ut.",
		"awards" : 8,
		"release_date" : "1999-12-25 00:00:00",
		"length" : 108,
		"genre_id" : 1,
		"revenue" : 206153668,
		"director_id" : 93
	},
	{
		"id" : 254,
		"created_at" : "1998-07-18 09:15:08",
		"updated_at" : "2004-07-06 10:39:13",
		"title" : "Dolores praesentium hic.",
		"awards" : 11,
		"release_date" : "2002-06-19 00:00:00",
		"length" : 181,
		"genre_id" : 1,
		"revenue" : 43779174,
		"director_id" : 93
	},
	{
		"id" : 255,
		"created_at" : "1976-10-10 13:40:22",
		"updated_at" : "2015-06-14 15:16:15",
		"title" : "Sed suscipit provident eos.",
		"awards" : 29,
		"release_date" : "2005-01-13 00:00:00",
		"length" : 202,
		"genre_id" : 1,
		"revenue" : 256801608,
		"director_id" : 93
	},
	{
		"id" : 256,
		"created_at" : "1980-08-16 15:31:24",
		"updated_at" : "2002-07-09 13:14:22",
		"title" : "Aperiam eos veritatis et.",
		"awards" : 6,
		"release_date" : "2001-06-16 00:00:00",
		"length" : 197,
		"genre_id" : 1,
		"revenue" : 84333903,
		"director_id" : 93
	},
	{
		"id" : 257,
		"created_at" : "1999-04-18 22:16:25",
		"updated_at" : "1972-09-19 02:38:57",
		"title" : "Ipsam inventore assumenda.",
		"awards" : 9,
		"release_date" : "2002-11-13 00:00:00",
		"length" : 200,
		"genre_id" : 1,
		"revenue" : 116050970,
		"director_id" : 94
	},
	{
		"id" : 258,
		"created_at" : "1993-08-10 13:01:56",
		"updated_at" : "1978-03-26 04:07:03",
		"title" : "Est ut sed.",
		"awards" : 17,
		"release_date" : "1997-12-25 00:00:00",
		"length" : 187,
		"genre_id" : 1,
		"revenue" : 266419663,
		"director_id" : 94
	},
	{
		"id" : 259,
		"created_at" : "1970-04-25 08:21:00",
		"updated_at" : "1991-11-04 15:49:43",
		"title" : "In atque id a dolore.",
		"awards" : 1,
		"release_date" : "1986-07-16 00:00:00",
		"length" : 129,
		"genre_id" : 1,
		"revenue" : 55717128,
		"director_id" : 94
	},
	{
		"id" : 260,
		"created_at" : "1988-10-28 10:03:38",
		"updated_at" : "1995-03-01 12:49:14",
		"title" : "Fuga quisquam consequatur.",
		"awards" : 14,
		"release_date" : "2003-07-09 00:00:00",
		"length" : 166,
		"genre_id" : 1,
		"revenue" : 233656762,
		"director_id" : 94
	},
	{
		"id" : 261,
		"created_at" : "1999-04-04 01:46:45",
		"updated_at" : "2009-10-02 20:03:57",
		"title" : "Dolorem libero aliquid.",
		"awards" : 19,
		"release_date" : "1999-10-23 00:00:00",
		"length" : 126,
		"genre_id" : 1,
		"revenue" : 997264,
		"director_id" : 94
	},
	{
		"id" : 262,
		"created_at" : "2018-12-30 15:07:34",
		"updated_at" : "2008-09-25 01:15:29",
		"title" : "Ex dolorem doloribus.",
		"awards" : 22,
		"release_date" : "2014-02-18 00:00:00",
		"length" : 115,
		"genre_id" : 1,
		"revenue" : 286368985,
		"director_id" : 95
	},
	{
		"id" : 263,
		"created_at" : "2017-03-03 02:14:37",
		"updated_at" : "1994-02-25 23:02:12",
		"title" : "Aperiam nostrum voluptatem amet.",
		"awards" : 9,
		"release_date" : "2006-11-15 00:00:00",
		"length" : 160,
		"genre_id" : 1,
		"revenue" : 248938841,
		"director_id" : 95
	},
	{
		"id" : 264,
		"created_at" : "2012-06-26 20:40:15",
		"updated_at" : "2018-07-21 01:58:52",
		"title" : "Accusantium praesentium voluptatibus.",
		"awards" : 13,
		"release_date" : "1999-06-23 00:00:00",
		"length" : 161,
		"genre_id" : 1,
		"revenue" : 122156493,
		"director_id" : 95
	},
	{
		"id" : 265,
		"created_at" : "1985-08-03 20:23:03",
		"updated_at" : "1996-05-06 17:24:51",
		"title" : "Quo recusandae aut officia et.",
		"awards" : 16,
		"release_date" : "1997-12-03 00:00:00",
		"length" : 185,
		"genre_id" : 1,
		"revenue" : 206479149,
		"director_id" : 95
	},
	{
		"id" : 266,
		"created_at" : "2000-12-16 15:00:45",
		"updated_at" : "2014-03-31 07:56:47",
		"title" : "Ut distinctio consectetur.",
		"awards" : 34,
		"release_date" : "2018-06-23 00:00:00",
		"length" : 118,
		"genre_id" : 1,
		"revenue" : 45470347,
		"director_id" : 95
	},
	{
		"id" : 267,
		"created_at" : "2016-03-01 01:01:11",
		"updated_at" : "1999-06-25 05:17:24",
		"title" : "Consequatur iste quam.",
		"awards" : 8,
		"release_date" : "1994-08-23 00:00:00",
		"length" : 220,
		"genre_id" : 1,
		"revenue" : 233668922,
		"director_id" : 96
	},
	{
		"id" : 268,
		"created_at" : "1981-11-18 06:25:06",
		"updated_at" : "1996-10-25 06:59:04",
		"title" : "Omnis officiis quas.",
		"awards" : 31,
		"release_date" : "1999-07-11 00:00:00",
		"length" : 108,
		"genre_id" : 1,
		"revenue" : 68108969,
		"director_id" : 96
	},
	{
		"id" : 269,
		"created_at" : "2005-06-20 12:57:26",
		"updated_at" : "1995-11-03 11:27:00",
		"title" : "Provident sunt aut.",
		"awards" : 8,
		"release_date" : "1979-08-30 00:00:00",
		"length" : 160,
		"genre_id" : 1,
		"revenue" : 283726121,
		"director_id" : 96
	},
	{
		"id" : 270,
		"created_at" : "1998-10-05 16:22:14",
		"updated_at" : "1973-12-17 14:23:36",
		"title" : "Mollitia reprehenderit enim.",
		"awards" : 11,
		"release_date" : "1976-05-26 00:00:00",
		"length" : 239,
		"genre_id" : 1,
		"revenue" : 276953196,
		"director_id" : 96
	},
	{
		"id" : 271,
		"created_at" : "2013-02-16 07:46:00",
		"updated_at" : "1996-01-09 08:59:11",
		"title" : "Ratione illo perferendis consequuntur.",
		"awards" : 15,
		"release_date" : "1981-02-04 00:00:00",
		"length" : 187,
		"genre_id" : 1,
		"revenue" : 245915056,
		"director_id" : 96
	},
	{
		"id" : 272,
		"created_at" : "2012-03-04 01:10:49",
		"updated_at" : "1988-03-22 14:43:23",
		"title" : "In consectetur ad quas.",
		"awards" : 17,
		"release_date" : "1985-01-15 00:00:00",
		"length" : 135,
		"genre_id" : 1,
		"revenue" : 276064952,
		"director_id" : 97
	},
	{
		"id" : 273,
		"created_at" : "2005-06-07 11:22:10",
		"updated_at" : "2000-08-05 12:41:51",
		"title" : "Nam esse.",
		"awards" : 22,
		"release_date" : "1993-10-29 00:00:00",
		"length" : 177,
		"genre_id" : 1,
		"revenue" : 23520705,
		"director_id" : 97
	},
	{
		"id" : 274,
		"created_at" : "2011-03-25 10:11:09",
		"updated_at" : "1982-12-28 17:16:58",
		"title" : "Hic blanditiis ex ut.",
		"awards" : 1,
		"release_date" : "2003-01-14 00:00:00",
		"length" : 200,
		"genre_id" : 1,
		"revenue" : 245702300,
		"director_id" : 97
	},
	{
		"id" : 275,
		"created_at" : "1979-06-27 23:57:04",
		"updated_at" : "1979-11-14 05:13:25",
		"title" : "Harum consectetur autem.",
		"awards" : 33,
		"release_date" : "1984-08-04 00:00:00",
		"length" : 136,
		"genre_id" : 1,
		"revenue" : 125063658,
		"director_id" : 97
	},
	{
		"id" : 276,
		"created_at" : "2006-10-18 22:43:31",
		"updated_at" : "1982-01-11 18:39:42",
		"title" : "Sit et aut esse.",
		"awards" : 5,
		"release_date" : "2015-03-08 00:00:00",
		"length" : 103,
		"genre_id" : 1,
		"revenue" : 243325997,
		"director_id" : 97
	},
	{
		"id" : 277,
		"created_at" : "2006-10-26 14:36:00",
		"updated_at" : "1977-06-07 14:20:14",
		"title" : "Dignissimos aut non minima.",
		"awards" : 21,
		"release_date" : "1976-06-13 00:00:00",
		"length" : 174,
		"genre_id" : 1,
		"revenue" : 42008818,
		"director_id" : 98
	},
	{
		"id" : 278,
		"created_at" : "1983-05-16 22:58:27",
		"updated_at" : "2003-08-22 04:02:22",
		"title" : "Assumenda voluptatem tenetur quidem.",
		"awards" : 32,
		"release_date" : "2015-11-12 00:00:00",
		"length" : 181,
		"genre_id" : 1,
		"revenue" : 69571102,
		"director_id" : 98
	},
	{
		"id" : 279,
		"created_at" : "2009-01-10 12:00:10",
		"updated_at" : "2003-11-30 07:15:40",
		"title" : "Maxime cupiditate mollitia.",
		"awards" : 17,
		"release_date" : "1994-03-25 00:00:00",
		"length" : 233,
		"genre_id" : 1,
		"revenue" : 295866821,
		"director_id" : 98
	},
	{
		"id" : 280,
		"created_at" : "2011-04-27 11:38:42",
		"updated_at" : "1981-02-07 05:22:25",
		"title" : "Quibusdam in aspernatur omnis.",
		"awards" : 12,
		"release_date" : "1995-03-30 00:00:00",
		"length" : 199,
		"genre_id" : 1,
		"revenue" : 253518222,
		"director_id" : 98
	},
	{
		"id" : 281,
		"created_at" : "1979-05-28 20:18:04",
		"updated_at" : "2011-06-27 04:29:45",
		"title" : "Perspiciatis omnis reiciendis ipsum.",
		"awards" : 18,
		"release_date" : "1988-10-25 00:00:00",
		"length" : 108,
		"genre_id" : 1,
		"revenue" : 11503246,
		"director_id" : 98
	},
	{
		"id" : 282,
		"created_at" : "1977-07-07 01:56:34",
		"updated_at" : "1987-01-19 14:29:33",
		"title" : "Excepturi similique fuga.",
		"awards" : 17,
		"release_date" : "2008-01-08 00:00:00",
		"length" : 107,
		"genre_id" : 1,
		"revenue" : 36161497,
		"director_id" : 99
	},
	{
		"id" : 283,
		"created_at" : "2007-05-26 09:54:57",
		"updated_at" : "1981-08-29 23:31:18",
		"title" : "Eum qui.",
		"awards" : 31,
		"release_date" : "2005-02-07 00:00:00",
		"length" : 222,
		"genre_id" : 1,
		"revenue" : 248428201,
		"director_id" : 99
	},
	{
		"id" : 284,
		"created_at" : "2004-06-25 09:39:55",
		"updated_at" : "2015-04-04 03:29:51",
		"title" : "Quibusdam atque vel.",
		"awards" : 7,
		"release_date" : "2010-05-22 00:00:00",
		"length" : 196,
		"genre_id" : 1,
		"revenue" : 100475338,
		"director_id" : 99
	},
	{
		"id" : 285,
		"created_at" : "2006-04-26 16:06:59",
		"updated_at" : "1975-05-21 06:41:31",
		"title" : "Quisquam est voluptas iste.",
		"awards" : 22,
		"release_date" : "2001-02-23 00:00:00",
		"length" : 157,
		"genre_id" : 1,
		"revenue" : 189509250,
		"director_id" : 99
	},
	{
		"id" : 286,
		"created_at" : "1995-10-06 14:04:32",
		"updated_at" : "1996-04-20 08:47:41",
		"title" : "Consequatur ratione.",
		"awards" : 10,
		"release_date" : "2008-11-27 00:00:00",
		"length" : 225,
		"genre_id" : 1,
		"revenue" : 143169444,
		"director_id" : 99
	},
	{
		"id" : 287,
		"created_at" : "1973-06-18 07:27:45",
		"updated_at" : "2005-09-21 06:57:47",
		"title" : "Corporis et sint cumque.",
		"awards" : 18,
		"release_date" : "1997-12-04 00:00:00",
		"length" : 183,
		"genre_id" : 1,
		"revenue" : 194148789,
		"director_id" : 100
	},
	{
		"id" : 288,
		"created_at" : "2009-10-08 01:47:32",
		"updated_at" : "1988-10-11 13:52:04",
		"title" : "Eos perspiciatis quidem.",
		"awards" : 32,
		"release_date" : "1990-03-07 00:00:00",
		"length" : 156,
		"genre_id" : 1,
		"revenue" : 105952145,
		"director_id" : 100
	},
	{
		"id" : 289,
		"created_at" : "1993-06-08 13:01:22",
		"updated_at" : "2000-08-18 13:03:15",
		"title" : "Rerum odit quibusdam a.",
		"awards" : 6,
		"release_date" : "2015-05-14 00:00:00",
		"length" : 152,
		"genre_id" : 1,
		"revenue" : 59063282,
		"director_id" : 100
	},
	{
		"id" : 290,
		"created_at" : "1987-08-30 07:06:32",
		"updated_at" : "1982-07-26 22:20:02",
		"title" : "Quis fuga et consequatur.",
		"awards" : 10,
		"release_date" : "2015-07-16 00:00:00",
		"length" : 226,
		"genre_id" : 1,
		"revenue" : 107404629,
		"director_id" : 100
	},
	{
		"id" : 291,
		"created_at" : "1993-12-17 04:15:31",
		"updated_at" : "1988-06-23 19:40:05",
		"title" : "In at est.",
		"awards" : 28,
		"release_date" : "1971-11-04 00:00:00",
		"length" : 195,
		"genre_id" : 1,
		"revenue" : 167461488,
		"director_id" : 100
	},
	{
		"id" : 292,
		"created_at" : "1972-09-22 04:25:43",
		"updated_at" : "2010-01-09 13:06:35",
		"title" : "Ipsam repellendus ipsum quod.",
		"awards" : 14,
		"release_date" : "1989-04-28 00:00:00",
		"length" : 181,
		"genre_id" : 1,
		"revenue" : 71975077,
		"director_id" : 101
	},
	{
		"id" : 293,
		"created_at" : "2011-08-27 07:04:57",
		"updated_at" : "1986-04-26 12:39:22",
		"title" : "Illo velit provident modi.",
		"awards" : 33,
		"release_date" : "1985-05-27 00:00:00",
		"length" : 168,
		"genre_id" : 1,
		"revenue" : 49458554,
		"director_id" : 101
	},
	{
		"id" : 294,
		"created_at" : "1992-10-22 18:50:07",
		"updated_at" : "2006-03-31 03:12:23",
		"title" : "Architecto possimus nihil tenetur.",
		"awards" : 29,
		"release_date" : "2003-06-07 00:00:00",
		"length" : 174,
		"genre_id" : 1,
		"revenue" : 37056797,
		"director_id" : 101
	},
	{
		"id" : 295,
		"created_at" : "2010-02-18 00:33:14",
		"updated_at" : "1973-07-20 16:05:55",
		"title" : "Totam hic eos est.",
		"awards" : 25,
		"release_date" : "2010-01-06 00:00:00",
		"length" : 121,
		"genre_id" : 1,
		"revenue" : 129474127,
		"director_id" : 101
	},
	{
		"id" : 296,
		"created_at" : "2014-11-24 01:14:39",
		"updated_at" : "1993-04-14 05:41:51",
		"title" : "Rerum voluptatem facere voluptatibus.",
		"awards" : 35,
		"release_date" : "2001-12-19 00:00:00",
		"length" : 180,
		"genre_id" : 1,
		"revenue" : 184251890,
		"director_id" : 101
	},
	{
		"id" : 297,
		"created_at" : "2010-10-10 16:33:44",
		"updated_at" : "2004-07-12 10:19:43",
		"title" : "Sed dolor doloremque.",
		"awards" : 20,
		"release_date" : "2004-09-16 00:00:00",
		"length" : 177,
		"genre_id" : 1,
		"revenue" : 67904924,
		"director_id" : 102
	},
	{
		"id" : 298,
		"created_at" : "1972-01-06 02:10:38",
		"updated_at" : "1999-10-10 09:16:12",
		"title" : "Ad architecto.",
		"awards" : 15,
		"release_date" : "1982-09-19 00:00:00",
		"length" : 105,
		"genre_id" : 1,
		"revenue" : 78303448,
		"director_id" : 102
	},
	{
		"id" : 299,
		"created_at" : "2012-09-16 08:10:49",
		"updated_at" : "1982-09-20 04:21:25",
		"title" : "Eos voluptatem nesciunt.",
		"awards" : 15,
		"release_date" : "1975-08-25 00:00:00",
		"length" : 175,
		"genre_id" : 1,
		"revenue" : 28860476,
		"director_id" : 102
	},
	{
		"id" : 300,
		"created_at" : "1988-02-02 16:24:05",
		"updated_at" : "2003-06-16 23:10:03",
		"title" : "Architecto quod dolores.",
		"awards" : 34,
		"release_date" : "1975-10-27 00:00:00",
		"length" : 142,
		"genre_id" : 1,
		"revenue" : 55054854,
		"director_id" : 102
	},
	{
		"id" : 301,
		"created_at" : "1972-01-20 16:20:54",
		"updated_at" : "1996-08-11 07:53:22",
		"title" : "Provident saepe ad neque consequatur.",
		"awards" : 31,
		"release_date" : "1973-09-24 00:00:00",
		"length" : 156,
		"genre_id" : 1,
		"revenue" : 263219498,
		"director_id" : 102
	},
	{
		"id" : 302,
		"created_at" : "2018-11-17 21:46:20",
		"updated_at" : "1993-03-25 16:45:17",
		"title" : "Omnis et et.",
		"awards" : 17,
		"release_date" : "1986-11-09 00:00:00",
		"length" : 180,
		"genre_id" : 1,
		"revenue" : 24104407,
		"director_id" : 103
	},
	{
		"id" : 303,
		"created_at" : "2004-06-03 07:27:34",
		"updated_at" : "2017-03-30 06:52:33",
		"title" : "Molestias minus sint.",
		"awards" : 29,
		"release_date" : "1993-11-16 00:00:00",
		"length" : 162,
		"genre_id" : 1,
		"revenue" : 243099105,
		"director_id" : 103
	},
	{
		"id" : 304,
		"created_at" : "1983-05-23 22:20:47",
		"updated_at" : "1995-12-04 22:04:47",
		"title" : "Quo aut voluptate.",
		"awards" : 27,
		"release_date" : "2006-04-18 00:00:00",
		"length" : 200,
		"genre_id" : 1,
		"revenue" : 241064058,
		"director_id" : 103
	},
	{
		"id" : 305,
		"created_at" : "1989-07-29 12:11:32",
		"updated_at" : "2013-03-10 20:34:28",
		"title" : "Maxime sit aut veritatis.",
		"awards" : 9,
		"release_date" : "1971-02-12 00:00:00",
		"length" : 134,
		"genre_id" : 1,
		"revenue" : 24839836,
		"director_id" : 103
	},
	{
		"id" : 306,
		"created_at" : "1975-08-19 08:00:40",
		"updated_at" : "2016-10-24 12:48:39",
		"title" : "Perspiciatis totam architecto.",
		"awards" : 25,
		"release_date" : "2018-09-29 00:00:00",
		"length" : 152,
		"genre_id" : 1,
		"revenue" : 26079344,
		"director_id" : 103
	},
	{
		"id" : 307,
		"created_at" : "2002-12-27 16:12:22",
		"updated_at" : "2013-08-27 20:00:06",
		"title" : "Voluptatum impedit sed.",
		"awards" : 32,
		"release_date" : "2008-05-22 00:00:00",
		"length" : 127,
		"genre_id" : 1,
		"revenue" : 183892182,
		"director_id" : 104
	},
	{
		"id" : 308,
		"created_at" : "2000-01-02 20:24:14",
		"updated_at" : "1978-07-04 20:52:05",
		"title" : "Quod vel sit.",
		"awards" : 11,
		"release_date" : "1978-04-09 00:00:00",
		"length" : 220,
		"genre_id" : 1,
		"revenue" : 214855300,
		"director_id" : 104
	},
	{
		"id" : 309,
		"created_at" : "2013-08-28 14:51:49",
		"updated_at" : "2013-05-28 12:35:33",
		"title" : "Eaque quod ea.",
		"awards" : 3,
		"release_date" : "1994-03-27 00:00:00",
		"length" : 199,
		"genre_id" : 1,
		"revenue" : 24817886,
		"director_id" : 104
	},
	{
		"id" : 310,
		"created_at" : "1994-07-13 14:54:51",
		"updated_at" : "1994-12-08 23:04:02",
		"title" : "Iure consequuntur quis.",
		"awards" : 34,
		"release_date" : "1983-02-05 00:00:00",
		"length" : 110,
		"genre_id" : 1,
		"revenue" : 63856804,
		"director_id" : 104
	},
	{
		"id" : 311,
		"created_at" : "2016-02-28 12:50:27",
		"updated_at" : "1978-08-10 07:03:02",
		"title" : "Dolorem facilis eveniet.",
		"awards" : 22,
		"release_date" : "2015-11-27 00:00:00",
		"length" : 159,
		"genre_id" : 1,
		"revenue" : 163332548,
		"director_id" : 104
	},
	{
		"id" : 312,
		"created_at" : "2018-12-24 22:03:41",
		"updated_at" : "1981-04-04 15:02:28",
		"title" : "Debitis qui animi architecto in.",
		"awards" : 20,
		"release_date" : "2000-09-13 00:00:00",
		"length" : 159,
		"genre_id" : 1,
		"revenue" : 255592980,
		"director_id" : 105
	},
	{
		"id" : 313,
		"created_at" : "1974-05-14 05:58:29",
		"updated_at" : "1973-04-20 14:18:59",
		"title" : "Eligendi sunt sint.",
		"awards" : 20,
		"release_date" : "1980-04-14 00:00:00",
		"length" : 200,
		"genre_id" : 1,
		"revenue" : 267627181,
		"director_id" : 105
	},
	{
		"id" : 314,
		"created_at" : "2011-08-27 03:40:49",
		"updated_at" : "1989-10-14 11:43:38",
		"title" : "Repellendus sunt sunt pariatur.",
		"awards" : 34,
		"release_date" : "1992-11-14 00:00:00",
		"length" : 202,
		"genre_id" : 1,
		"revenue" : 275827,
		"director_id" : 105
	},
	{
		"id" : 315,
		"created_at" : "1980-08-02 16:00:42",
		"updated_at" : "1980-01-12 15:52:29",
		"title" : "Labore ut reiciendis temporibus.",
		"awards" : 18,
		"release_date" : "1987-03-06 00:00:00",
		"length" : 206,
		"genre_id" : 1,
		"revenue" : 205369585,
		"director_id" : 105
	},
	{
		"id" : 316,
		"created_at" : "1993-03-04 04:38:40",
		"updated_at" : "1974-03-09 16:02:34",
		"title" : "Iusto sunt voluptatum maiores.",
		"awards" : 19,
		"release_date" : "2001-08-15 00:00:00",
		"length" : 202,
		"genre_id" : 1,
		"revenue" : 161563598,
		"director_id" : 105
	},
	{
		"id" : 317,
		"created_at" : "2006-02-23 10:35:05",
		"updated_at" : "2000-03-28 00:00:05",
		"title" : "Est qui cupiditate.",
		"awards" : 13,
		"release_date" : "1981-12-29 00:00:00",
		"length" : 141,
		"genre_id" : 1,
		"revenue" : 74572679,
		"director_id" : 106
	},
	{
		"id" : 318,
		"created_at" : "2014-01-20 06:45:07",
		"updated_at" : "2018-01-03 12:09:04",
		"title" : "Praesentium quia et vero.",
		"awards" : 12,
		"release_date" : "2003-10-27 00:00:00",
		"length" : 108,
		"genre_id" : 1,
		"revenue" : 210343276,
		"director_id" : 106
	},
	{
		"id" : 319,
		"created_at" : "2010-11-24 18:05:09",
		"updated_at" : "1996-10-09 13:00:37",
		"title" : "Veniam veritatis ea.",
		"awards" : 30,
		"release_date" : "1972-02-19 00:00:00",
		"length" : 140,
		"genre_id" : 1,
		"revenue" : 63522086,
		"director_id" : 106
	},
	{
		"id" : 320,
		"created_at" : "1991-05-03 22:02:36",
		"updated_at" : "2007-02-19 02:35:35",
		"title" : "Aliquam nihil incidunt et.",
		"awards" : 5,
		"release_date" : "1993-03-15 00:00:00",
		"length" : 163,
		"genre_id" : 1,
		"revenue" : 200050760,
		"director_id" : 106
	},
	{
		"id" : 321,
		"created_at" : "2018-10-28 02:09:20",
		"updated_at" : "2011-03-20 09:50:34",
		"title" : "Veniam omnis ut.",
		"awards" : 10,
		"release_date" : "2014-04-10 00:00:00",
		"length" : 216,
		"genre_id" : 1,
		"revenue" : 130625371,
		"director_id" : 106
	},
	{
		"id" : 322,
		"created_at" : "1976-11-16 06:26:00",
		"updated_at" : "1971-04-13 14:41:25",
		"title" : "Est velit et distinctio.",
		"awards" : 2,
		"release_date" : "2010-04-30 00:00:00",
		"length" : 149,
		"genre_id" : 1,
		"revenue" : 232546527,
		"director_id" : 107
	},
	{
		"id" : 323,
		"created_at" : "2015-04-23 06:17:47",
		"updated_at" : "1975-11-05 18:04:29",
		"title" : "Aut repudiandae laudantium architecto.",
		"awards" : 1,
		"release_date" : "2016-01-28 00:00:00",
		"length" : 182,
		"genre_id" : 1,
		"revenue" : 281782182,
		"director_id" : 107
	},
	{
		"id" : 324,
		"created_at" : "2006-06-24 02:43:32",
		"updated_at" : "2000-11-19 21:49:39",
		"title" : "Facilis tempora rem similique.",
		"awards" : 33,
		"release_date" : "1972-06-03 00:00:00",
		"length" : 239,
		"genre_id" : 1,
		"revenue" : 156167719,
		"director_id" : 107
	},
	{
		"id" : 325,
		"created_at" : "2009-06-05 20:33:14",
		"updated_at" : "1996-09-02 11:29:16",
		"title" : "Aut accusantium quos illum.",
		"awards" : 28,
		"release_date" : "2011-04-23 00:00:00",
		"length" : 183,
		"genre_id" : 1,
		"revenue" : 76571362,
		"director_id" : 107
	},
	{
		"id" : 326,
		"created_at" : "2012-11-28 23:15:34",
		"updated_at" : "1988-04-08 01:39:34",
		"title" : "Totam aut unde reprehenderit.",
		"awards" : 28,
		"release_date" : "1971-03-10 00:00:00",
		"length" : 110,
		"genre_id" : 1,
		"revenue" : 251727942,
		"director_id" : 107
	},
	{
		"id" : 327,
		"created_at" : "2007-07-15 05:32:11",
		"updated_at" : "2018-05-08 04:56:56",
		"title" : "Quia consequatur excepturi cupiditate.",
		"awards" : 15,
		"release_date" : "1975-12-27 00:00:00",
		"length" : 203,
		"genre_id" : 1,
		"revenue" : 42752245,
		"director_id" : 108
	},
	{
		"id" : 328,
		"created_at" : "1986-09-19 12:00:48",
		"updated_at" : "1988-06-21 02:51:05",
		"title" : "Et quia consectetur et.",
		"awards" : 27,
		"release_date" : "1982-12-19 00:00:00",
		"length" : 151,
		"genre_id" : 1,
		"revenue" : 266789025,
		"director_id" : 108
	},
	{
		"id" : 329,
		"created_at" : "2007-02-21 08:04:36",
		"updated_at" : "2013-08-31 14:04:16",
		"title" : "Quia id ea.",
		"awards" : 20,
		"release_date" : "1995-08-01 00:00:00",
		"length" : 193,
		"genre_id" : 1,
		"revenue" : 90574359,
		"director_id" : 108
	},
	{
		"id" : 330,
		"created_at" : "2015-05-15 01:57:15",
		"updated_at" : "1976-01-18 03:10:08",
		"title" : "Non alias et.",
		"awards" : 21,
		"release_date" : "1990-05-15 00:00:00",
		"length" : 171,
		"genre_id" : 1,
		"revenue" : 86982868,
		"director_id" : 108
	},
	{
		"id" : 331,
		"created_at" : "1973-10-26 02:11:32",
		"updated_at" : "2010-03-01 23:16:51",
		"title" : "Repellat nihil ut.",
		"awards" : 3,
		"release_date" : "1975-07-05 00:00:00",
		"length" : 121,
		"genre_id" : 1,
		"revenue" : 106503170,
		"director_id" : 108
	},
	{
		"id" : 332,
		"created_at" : "2001-08-13 05:13:32",
		"updated_at" : "1976-06-06 14:09:11",
		"title" : "Impedit quia culpa ut.",
		"awards" : 6,
		"release_date" : "2011-10-13 00:00:00",
		"length" : 198,
		"genre_id" : 1,
		"revenue" : 251323602,
		"director_id" : 109
	},
	{
		"id" : 333,
		"created_at" : "1970-02-01 07:46:28",
		"updated_at" : "1989-03-20 21:55:23",
		"title" : "Animi molestias quis fuga ipsum.",
		"awards" : 33,
		"release_date" : "1986-05-07 00:00:00",
		"length" : 111,
		"genre_id" : 1,
		"revenue" : 182145826,
		"director_id" : 109
	},
	{
		"id" : 334,
		"created_at" : "2000-10-10 19:27:53",
		"updated_at" : "2002-08-19 01:32:45",
		"title" : "Rerum et hic aut.",
		"awards" : 30,
		"release_date" : "2006-11-17 00:00:00",
		"length" : 209,
		"genre_id" : 1,
		"revenue" : 8868698,
		"director_id" : 109
	},
	{
		"id" : 335,
		"created_at" : "1997-05-06 06:31:25",
		"updated_at" : "1985-06-14 22:26:48",
		"title" : "Qui ab ex.",
		"awards" : 17,
		"release_date" : "1993-04-05 00:00:00",
		"length" : 191,
		"genre_id" : 1,
		"revenue" : 177848153,
		"director_id" : 109
	},
	{
		"id" : 336,
		"created_at" : "2011-09-17 07:54:58",
		"updated_at" : "1970-09-07 04:32:52",
		"title" : "Architecto a ad molestiae.",
		"awards" : 25,
		"release_date" : "1986-06-02 00:00:00",
		"length" : 238,
		"genre_id" : 1,
		"revenue" : 195995805,
		"director_id" : 109
	},
	{
		"id" : 337,
		"created_at" : "1984-11-06 06:09:46",
		"updated_at" : "1986-05-07 15:26:15",
		"title" : "Praesentium rerum nulla non.",
		"awards" : 4,
		"release_date" : "2006-09-05 00:00:00",
		"length" : 223,
		"genre_id" : 1,
		"revenue" : 122359453,
		"director_id" : 110
	},
	{
		"id" : 338,
		"created_at" : "1971-02-03 06:01:32",
		"updated_at" : "1987-08-21 09:01:04",
		"title" : "Modi quod ut.",
		"awards" : 32,
		"release_date" : "1984-09-10 00:00:00",
		"length" : 209,
		"genre_id" : 1,
		"revenue" : 175191516,
		"director_id" : 110
	},
	{
		"id" : 339,
		"created_at" : "1987-05-09 16:20:54",
		"updated_at" : "1977-10-20 08:20:59",
		"title" : "Unde officia reiciendis ab.",
		"awards" : 11,
		"release_date" : "1983-02-23 00:00:00",
		"length" : 156,
		"genre_id" : 1,
		"revenue" : 174665234,
		"director_id" : 110
	},
	{
		"id" : 340,
		"created_at" : "2001-04-01 08:22:54",
		"updated_at" : "1995-07-25 01:14:49",
		"title" : "Quia voluptas deserunt libero.",
		"awards" : 32,
		"release_date" : "1998-03-07 00:00:00",
		"length" : 150,
		"genre_id" : 1,
		"revenue" : 71694416,
		"director_id" : 110
	},
	{
		"id" : 341,
		"created_at" : "1979-09-26 18:45:42",
		"updated_at" : "2016-10-17 10:59:06",
		"title" : "Voluptatem quasi hic sunt ipsum.",
		"awards" : 4,
		"release_date" : "2010-06-15 00:00:00",
		"length" : 237,
		"genre_id" : 1,
		"revenue" : 144029203,
		"director_id" : 110
	},
	{
		"id" : 342,
		"created_at" : "2019-05-24 20:37:47",
		"updated_at" : "1971-07-26 12:57:51",
		"title" : "Enim nisi inventore unde.",
		"awards" : 3,
		"release_date" : "1991-07-18 00:00:00",
		"length" : 136,
		"genre_id" : 1,
		"revenue" : 99532529,
		"director_id" : 111
	},
	{
		"id" : 343,
		"created_at" : "1993-09-13 12:50:27",
		"updated_at" : "1977-11-13 02:27:12",
		"title" : "Natus consequatur.",
		"awards" : 21,
		"release_date" : "1979-06-21 00:00:00",
		"length" : 122,
		"genre_id" : 1,
		"revenue" : 286302136,
		"director_id" : 111
	},
	{
		"id" : 344,
		"created_at" : "1992-04-09 08:55:05",
		"updated_at" : "1980-11-06 04:30:59",
		"title" : "Et eos commodi nulla id.",
		"awards" : 30,
		"release_date" : "1984-09-12 00:00:00",
		"length" : 187,
		"genre_id" : 1,
		"revenue" : 207136028,
		"director_id" : 111
	},
	{
		"id" : 345,
		"created_at" : "1989-12-27 08:17:25",
		"updated_at" : "2001-04-09 03:55:05",
		"title" : "Dolorem repellat repellat.",
		"awards" : 5,
		"release_date" : "2016-04-14 00:00:00",
		"length" : 146,
		"genre_id" : 1,
		"revenue" : 120539060,
		"director_id" : 111
	},
	{
		"id" : 346,
		"created_at" : "1987-11-02 07:49:49",
		"updated_at" : "2011-12-01 01:30:17",
		"title" : "Ex corporis et et.",
		"awards" : 33,
		"release_date" : "2006-06-26 00:00:00",
		"length" : 122,
		"genre_id" : 1,
		"revenue" : 213563569,
		"director_id" : 111
	},
	{
		"id" : 347,
		"created_at" : "2001-01-23 16:15:49",
		"updated_at" : "2002-05-11 00:16:23",
		"title" : "Itaque saepe vero est.",
		"awards" : 16,
		"release_date" : "2018-10-16 00:00:00",
		"length" : 148,
		"genre_id" : 1,
		"revenue" : 183345935,
		"director_id" : 112
	},
	{
		"id" : 348,
		"created_at" : "1994-03-05 15:35:26",
		"updated_at" : "2015-05-04 23:38:29",
		"title" : "Sed earum est temporibus.",
		"awards" : 27,
		"release_date" : "1971-12-14 00:00:00",
		"length" : 171,
		"genre_id" : 1,
		"revenue" : 200442066,
		"director_id" : 112
	},
	{
		"id" : 349,
		"created_at" : "2019-05-22 11:02:18",
		"updated_at" : "1992-03-31 13:31:10",
		"title" : "Consequatur nobis quidem perferendis eos.",
		"awards" : 26,
		"release_date" : "1977-05-10 00:00:00",
		"length" : 238,
		"genre_id" : 1,
		"revenue" : 99388558,
		"director_id" : 112
	},
	{
		"id" : 350,
		"created_at" : "1986-07-09 01:49:08",
		"updated_at" : "1985-09-11 01:16:17",
		"title" : "Et qui.",
		"awards" : 10,
		"release_date" : "1996-10-19 00:00:00",
		"length" : 184,
		"genre_id" : 1,
		"revenue" : 92258169,
		"director_id" : 112
	},
	{
		"id" : 351,
		"created_at" : "1986-08-31 12:00:55",
		"updated_at" : "1985-12-01 19:34:45",
		"title" : "Ut et.",
		"awards" : 10,
		"release_date" : "1994-08-07 00:00:00",
		"length" : 123,
		"genre_id" : 1,
		"revenue" : 25449738,
		"director_id" : 112
	},
	{
		"id" : 352,
		"created_at" : "2016-04-26 05:24:02",
		"updated_at" : "1970-06-20 20:26:38",
		"title" : "Aut quisquam ab.",
		"awards" : 12,
		"release_date" : "1990-05-19 00:00:00",
		"length" : 195,
		"genre_id" : 1,
		"revenue" : 235162219,
		"director_id" : 113
	},
	{
		"id" : 353,
		"created_at" : "1992-09-27 07:46:21",
		"updated_at" : "1998-03-11 19:01:30",
		"title" : "Eaque quia sit repellat.",
		"awards" : 24,
		"release_date" : "1980-09-07 00:00:00",
		"length" : 208,
		"genre_id" : 1,
		"revenue" : 267510795,
		"director_id" : 113
	},
	{
		"id" : 354,
		"created_at" : "1977-04-21 02:07:12",
		"updated_at" : "1970-07-06 10:26:17",
		"title" : "Ut voluptas dolor.",
		"awards" : 23,
		"release_date" : "1986-07-20 00:00:00",
		"length" : 187,
		"genre_id" : 1,
		"revenue" : 54861682,
		"director_id" : 113
	},
	{
		"id" : 355,
		"created_at" : "1981-07-23 23:26:42",
		"updated_at" : "1975-01-03 22:24:08",
		"title" : "Aperiam vero porro aut accusamus.",
		"awards" : 15,
		"release_date" : "2002-02-21 00:00:00",
		"length" : 146,
		"genre_id" : 1,
		"revenue" : 253913078,
		"director_id" : 113
	},
	{
		"id" : 356,
		"created_at" : "2013-11-27 21:52:44",
		"updated_at" : "1973-12-13 16:55:17",
		"title" : "Incidunt praesentium commodi dolores.",
		"awards" : 2,
		"release_date" : "2015-02-25 00:00:00",
		"length" : 118,
		"genre_id" : 1,
		"revenue" : 192766394,
		"director_id" : 113
	},
	{
		"id" : 357,
		"created_at" : "1985-10-11 01:54:22",
		"updated_at" : "1996-08-20 10:59:52",
		"title" : "Facilis repudiandae reiciendis quam esse.",
		"awards" : 6,
		"release_date" : "1974-07-01 00:00:00",
		"length" : 217,
		"genre_id" : 1,
		"revenue" : 106480287,
		"director_id" : 114
	},
	{
		"id" : 358,
		"created_at" : "1991-06-28 13:59:21",
		"updated_at" : "1993-10-29 15:29:43",
		"title" : "Voluptas et iste consequuntur.",
		"awards" : 35,
		"release_date" : "1987-04-22 00:00:00",
		"length" : 202,
		"genre_id" : 1,
		"revenue" : 27244006,
		"director_id" : 114
	},
	{
		"id" : 359,
		"created_at" : "2009-01-24 09:34:42",
		"updated_at" : "1973-09-16 01:04:04",
		"title" : "Dolorum nihil esse a.",
		"awards" : 25,
		"release_date" : "2006-07-21 00:00:00",
		"length" : 178,
		"genre_id" : 1,
		"revenue" : 93804094,
		"director_id" : 114
	},
	{
		"id" : 360,
		"created_at" : "2004-04-26 19:09:46",
		"updated_at" : "1980-08-13 12:38:39",
		"title" : "Eum omnis minus.",
		"awards" : 12,
		"release_date" : "2006-12-08 00:00:00",
		"length" : 188,
		"genre_id" : 1,
		"revenue" : 207707812,
		"director_id" : 114
	},
	{
		"id" : 361,
		"created_at" : "2007-09-12 14:33:15",
		"updated_at" : "2015-12-20 11:31:36",
		"title" : "Maiores autem ut.",
		"awards" : 3,
		"release_date" : "1993-09-30 00:00:00",
		"length" : 158,
		"genre_id" : 1,
		"revenue" : 41791124,
		"director_id" : 114
	},
	{
		"id" : 362,
		"created_at" : "1976-08-08 13:56:58",
		"updated_at" : "1986-04-17 00:54:58",
		"title" : "Eligendi consequatur quasi molestiae.",
		"awards" : 2,
		"release_date" : "2012-12-11 00:00:00",
		"length" : 232,
		"genre_id" : 1,
		"revenue" : 222385981,
		"director_id" : 115
	},
	{
		"id" : 363,
		"created_at" : "1979-05-28 03:59:47",
		"updated_at" : "2004-06-10 16:51:28",
		"title" : "Autem soluta beatae saepe.",
		"awards" : 23,
		"release_date" : "1981-12-15 00:00:00",
		"length" : 108,
		"genre_id" : 1,
		"revenue" : 185093367,
		"director_id" : 115
	},
	{
		"id" : 364,
		"created_at" : "2012-12-28 03:00:29",
		"updated_at" : "1997-05-20 21:59:26",
		"title" : "Enim non ipsa commodi.",
		"awards" : 34,
		"release_date" : "1972-09-22 00:00:00",
		"length" : 192,
		"genre_id" : 1,
		"revenue" : 144799817,
		"director_id" : 115
	},
	{
		"id" : 365,
		"created_at" : "1997-11-30 14:12:32",
		"updated_at" : "1990-12-31 07:41:24",
		"title" : "Beatae et iure sed.",
		"awards" : 24,
		"release_date" : "2000-04-14 00:00:00",
		"length" : 166,
		"genre_id" : 1,
		"revenue" : 138994460,
		"director_id" : 115
	},
	{
		"id" : 366,
		"created_at" : "1975-03-02 05:56:14",
		"updated_at" : "1972-05-15 16:22:34",
		"title" : "Consequatur atque facere.",
		"awards" : 11,
		"release_date" : "1985-01-27 00:00:00",
		"length" : 223,
		"genre_id" : 1,
		"revenue" : 171398131,
		"director_id" : 115
	},
	{
		"id" : 367,
		"created_at" : "2011-05-22 05:56:55",
		"updated_at" : "2015-06-02 04:14:19",
		"title" : "Non rerum sit.",
		"awards" : 28,
		"release_date" : "1983-03-27 00:00:00",
		"length" : 231,
		"genre_id" : 1,
		"revenue" : 71440392,
		"director_id" : 116
	},
	{
		"id" : 368,
		"created_at" : "1974-08-11 11:28:44",
		"updated_at" : "1980-10-24 12:16:44",
		"title" : "Quia natus inventore incidunt.",
		"awards" : 9,
		"release_date" : "1976-09-20 00:00:00",
		"length" : 150,
		"genre_id" : 1,
		"revenue" : 158721162,
		"director_id" : 116
	},
	{
		"id" : 369,
		"created_at" : "1982-04-26 14:39:04",
		"updated_at" : "1977-12-11 23:37:26",
		"title" : "Veritatis et porro.",
		"awards" : 3,
		"release_date" : "1978-01-25 00:00:00",
		"length" : 223,
		"genre_id" : 1,
		"revenue" : 94098822,
		"director_id" : 116
	},
	{
		"id" : 370,
		"created_at" : "1991-11-16 01:30:02",
		"updated_at" : "2000-07-19 22:38:45",
		"title" : "Culpa nemo architecto velit.",
		"awards" : 17,
		"release_date" : "1994-11-08 00:00:00",
		"length" : 205,
		"genre_id" : 1,
		"revenue" : 117440582,
		"director_id" : 116
	},
	{
		"id" : 371,
		"created_at" : "2003-01-29 18:27:43",
		"updated_at" : "1997-12-13 12:46:49",
		"title" : "Qui accusantium.",
		"awards" : 1,
		"release_date" : "1975-08-29 00:00:00",
		"length" : 119,
		"genre_id" : 1,
		"revenue" : 230033806,
		"director_id" : 116
	},
	{
		"id" : 372,
		"created_at" : "1976-01-14 23:53:17",
		"updated_at" : "1995-04-22 23:26:46",
		"title" : "Voluptatem quos eos tenetur.",
		"awards" : 18,
		"release_date" : "2009-01-08 00:00:00",
		"length" : 218,
		"genre_id" : 1,
		"revenue" : 45214332,
		"director_id" : 117
	},
	{
		"id" : 373,
		"created_at" : "1986-05-23 08:12:29",
		"updated_at" : "1980-05-01 15:28:12",
		"title" : "Eligendi et non.",
		"awards" : 14,
		"release_date" : "2001-10-08 00:00:00",
		"length" : 151,
		"genre_id" : 1,
		"revenue" : 127500363,
		"director_id" : 117
	},
	{
		"id" : 374,
		"created_at" : "2002-04-25 17:02:34",
		"updated_at" : "1971-07-10 08:21:06",
		"title" : "Sit ut ut voluptatem.",
		"awards" : 12,
		"release_date" : "2008-09-19 00:00:00",
		"length" : 122,
		"genre_id" : 1,
		"revenue" : 45852502,
		"director_id" : 117
	},
	{
		"id" : 375,
		"created_at" : "2010-08-07 02:51:01",
		"updated_at" : "1971-05-19 07:44:21",
		"title" : "Et soluta ab impedit.",
		"awards" : 34,
		"release_date" : "1999-02-03 00:00:00",
		"length" : 158,
		"genre_id" : 1,
		"revenue" : 114908198,
		"director_id" : 117
	},
	{
		"id" : 376,
		"created_at" : "1994-11-29 04:56:59",
		"updated_at" : "2001-05-02 17:24:31",
		"title" : "Quos aspernatur sint et.",
		"awards" : 30,
		"release_date" : "2017-06-18 00:00:00",
		"length" : 231,
		"genre_id" : 1,
		"revenue" : 177861799,
		"director_id" : 117
	},
	{
		"id" : 377,
		"created_at" : "1999-11-13 03:57:11",
		"updated_at" : "1990-03-10 11:12:12",
		"title" : "Eum eos accusantium magni.",
		"awards" : 26,
		"release_date" : "1971-08-31 00:00:00",
		"length" : 240,
		"genre_id" : 1,
		"revenue" : 150402449,
		"director_id" : 118
	},
	{
		"id" : 378,
		"created_at" : "2013-03-09 01:51:32",
		"updated_at" : "2007-07-13 09:41:39",
		"title" : "Nostrum minus dicta.",
		"awards" : 24,
		"release_date" : "1989-07-30 00:00:00",
		"length" : 109,
		"genre_id" : 1,
		"revenue" : 191915573,
		"director_id" : 118
	},
	{
		"id" : 379,
		"created_at" : "1989-06-08 11:54:10",
		"updated_at" : "2011-05-25 00:31:32",
		"title" : "Rerum est dolor consequuntur.",
		"awards" : 9,
		"release_date" : "2005-05-10 00:00:00",
		"length" : 226,
		"genre_id" : 1,
		"revenue" : 99834580,
		"director_id" : 118
	},
	{
		"id" : 380,
		"created_at" : "1989-05-17 00:25:35",
		"updated_at" : "1985-08-28 19:22:06",
		"title" : "Tenetur nam dicta eveniet.",
		"awards" : 28,
		"release_date" : "1996-02-24 00:00:00",
		"length" : 151,
		"genre_id" : 1,
		"revenue" : 260668187,
		"director_id" : 118
	},
	{
		"id" : 381,
		"created_at" : "1984-12-13 08:39:56",
		"updated_at" : "1976-04-15 05:07:38",
		"title" : "Optio eos minus.",
		"awards" : 26,
		"release_date" : "1970-06-23 00:00:00",
		"length" : 233,
		"genre_id" : 1,
		"revenue" : 198442544,
		"director_id" : 118
	},
	{
		"id" : 382,
		"created_at" : "1987-11-18 09:20:48",
		"updated_at" : "1995-10-13 04:21:01",
		"title" : "Sit sunt nobis quae.",
		"awards" : 35,
		"release_date" : "1987-12-19 00:00:00",
		"length" : 187,
		"genre_id" : 1,
		"revenue" : 64611824,
		"director_id" : 119
	},
	{
		"id" : 383,
		"created_at" : "1996-01-31 20:26:36",
		"updated_at" : "2012-09-20 20:38:44",
		"title" : "Placeat architecto deserunt nobis quia.",
		"awards" : 26,
		"release_date" : "2008-10-10 00:00:00",
		"length" : 196,
		"genre_id" : 1,
		"revenue" : 169683745,
		"director_id" : 119
	},
	{
		"id" : 384,
		"created_at" : "1989-02-26 14:21:24",
		"updated_at" : "2018-07-11 23:15:53",
		"title" : "Cum omnis rerum.",
		"awards" : 13,
		"release_date" : "2007-11-14 00:00:00",
		"length" : 232,
		"genre_id" : 1,
		"revenue" : 27250911,
		"director_id" : 119
	},
	{
		"id" : 385,
		"created_at" : "2003-04-14 08:39:50",
		"updated_at" : "1981-12-01 16:23:10",
		"title" : "Cupiditate neque facere velit.",
		"awards" : 15,
		"release_date" : "1981-01-09 00:00:00",
		"length" : 105,
		"genre_id" : 1,
		"revenue" : 119438284,
		"director_id" : 119
	},
	{
		"id" : 386,
		"created_at" : "1971-07-22 05:16:26",
		"updated_at" : "1985-07-07 01:09:23",
		"title" : "Omnis eos unde et.",
		"awards" : 27,
		"release_date" : "1982-12-06 00:00:00",
		"length" : 167,
		"genre_id" : 1,
		"revenue" : 104696984,
		"director_id" : 119
	},
	{
		"id" : 387,
		"created_at" : "1976-06-03 04:03:10",
		"updated_at" : "1998-12-15 03:37:20",
		"title" : "Consequuntur quia accusantium.",
		"awards" : 31,
		"release_date" : "1997-04-26 00:00:00",
		"length" : 189,
		"genre_id" : 1,
		"revenue" : 78908077,
		"director_id" : 120
	},
	{
		"id" : 388,
		"created_at" : "2007-10-11 00:05:18",
		"updated_at" : "1989-02-13 21:04:03",
		"title" : "Nihil quis autem eos.",
		"awards" : 9,
		"release_date" : "2000-12-14 00:00:00",
		"length" : 217,
		"genre_id" : 1,
		"revenue" : 224359620,
		"director_id" : 120
	},
	{
		"id" : 389,
		"created_at" : "1986-06-05 20:53:23",
		"updated_at" : "1980-06-26 09:01:40",
		"title" : "Harum iure et.",
		"awards" : 3,
		"release_date" : "1972-03-03 00:00:00",
		"length" : 127,
		"genre_id" : 1,
		"revenue" : 126115871,
		"director_id" : 120
	},
	{
		"id" : 390,
		"created_at" : "1971-08-30 01:40:41",
		"updated_at" : "1973-08-20 16:31:16",
		"title" : "Ab voluptatem autem sit.",
		"awards" : 32,
		"release_date" : "1995-05-27 00:00:00",
		"length" : 189,
		"genre_id" : 1,
		"revenue" : 96323248,
		"director_id" : 120
	},
	{
		"id" : 391,
		"created_at" : "2012-01-16 20:01:41",
		"updated_at" : "2009-12-07 22:24:44",
		"title" : "Odio ab quas ut.",
		"awards" : 10,
		"release_date" : "1984-11-15 00:00:00",
		"length" : 182,
		"genre_id" : 1,
		"revenue" : 284891503,
		"director_id" : 120
	},
	{
		"id" : 392,
		"created_at" : "2018-09-30 12:26:14",
		"updated_at" : "2007-12-12 05:43:39",
		"title" : "Aut in et.",
		"awards" : 17,
		"release_date" : "2001-05-27 00:00:00",
		"length" : 105,
		"genre_id" : 1,
		"revenue" : 215805975,
		"director_id" : 1
	},
	{
		"id" : 393,
		"created_at" : "1992-01-13 08:47:56",
		"updated_at" : "1996-09-23 08:54:50",
		"title" : "Sed ut sequi deserunt.",
		"awards" : 1,
		"release_date" : "1980-11-02 00:00:00",
		"length" : 118,
		"genre_id" : 1,
		"revenue" : 141302975,
		"director_id" : 1
	},
	{
		"id" : 394,
		"created_at" : "1975-05-14 05:06:10",
		"updated_at" : "1980-05-17 05:25:38",
		"title" : "Neque quia autem enim eveniet.",
		"awards" : 9,
		"release_date" : "2005-03-18 00:00:00",
		"length" : 100,
		"genre_id" : 1,
		"revenue" : 255655307,
		"director_id" : 1
	},
	{
		"id" : 395,
		"created_at" : "1994-07-19 05:52:24",
		"updated_at" : "1984-04-02 10:37:14",
		"title" : "Illum dignissimos delectus.",
		"awards" : 7,
		"release_date" : "1972-01-04 00:00:00",
		"length" : 102,
		"genre_id" : 1,
		"revenue" : 123366403,
		"director_id" : 1
	},
	{
		"id" : 396,
		"created_at" : "1985-02-13 17:28:45",
		"updated_at" : "2004-03-12 13:27:08",
		"title" : "Est et est est cumque.",
		"awards" : 8,
		"release_date" : "2006-08-07 00:00:00",
		"length" : 107,
		"genre_id" : 1,
		"revenue" : 254643763,
		"director_id" : 1
	},
	{
		"id" : 397,
		"created_at" : "1995-09-25 17:34:42",
		"updated_at" : "1995-01-09 12:52:37",
		"title" : "Eaque et aut expedita eos.",
		"awards" : 16,
		"release_date" : "1983-10-24 00:00:00",
		"length" : 204,
		"genre_id" : 1,
		"revenue" : 214622196,
		"director_id" : 1
	},
	{
		"id" : 398,
		"created_at" : "2008-09-15 11:43:38",
		"updated_at" : "1999-06-14 23:43:57",
		"title" : "Omnis illum sint.",
		"awards" : 16,
		"release_date" : "2001-02-28 00:00:00",
		"length" : 190,
		"genre_id" : 1,
		"revenue" : 72072212,
		"director_id" : 1
	},
	{
		"id" : 399,
		"created_at" : "2011-07-28 18:51:44",
		"updated_at" : "1985-10-24 12:15:22",
		"title" : "Ipsam consequatur dicta ut.",
		"awards" : 31,
		"release_date" : "2008-05-11 00:00:00",
		"length" : 191,
		"genre_id" : 1,
		"revenue" : 198680468,
		"director_id" : 1
	},
	{
		"id" : 400,
		"created_at" : "2004-09-10 12:37:48",
		"updated_at" : "2006-08-05 07:42:00",
		"title" : "Saepe et et autem.",
		"awards" : 7,
		"release_date" : "1979-01-27 00:00:00",
		"length" : 170,
		"genre_id" : 1,
		"revenue" : 101395053,
		"director_id" : 1
	},
	{
		"id" : 401,
		"created_at" : "1998-02-02 04:58:37",
		"updated_at" : "1975-06-10 14:57:30",
		"title" : "Debitis eveniet error dolorem dolorum.",
		"awards" : 23,
		"release_date" : "2010-09-25 00:00:00",
		"length" : 230,
		"genre_id" : 1,
		"revenue" : 276378560,
		"director_id" : 1
	},
	{
		"id" : 402,
		"created_at" : "2015-12-04 20:36:04",
		"updated_at" : "1980-03-29 11:09:41",
		"title" : "Tempora doloremque et commodi.",
		"awards" : 6,
		"release_date" : "1977-02-11 00:00:00",
		"length" : 163,
		"genre_id" : 1,
		"revenue" : 227757164,
		"director_id" : 1
	},
	{
		"id" : 403,
		"created_at" : "1979-03-27 02:45:32",
		"updated_at" : "1997-12-14 03:15:39",
		"title" : "Consequatur quia.",
		"awards" : 23,
		"release_date" : "2017-09-02 00:00:00",
		"length" : 139,
		"genre_id" : 1,
		"revenue" : 184352461,
		"director_id" : 1
	},
	{
		"id" : 404,
		"created_at" : "1985-08-03 12:08:28",
		"updated_at" : "2014-10-24 00:29:42",
		"title" : "Dignissimos voluptas id.",
		"awards" : 22,
		"release_date" : "1984-07-16 00:00:00",
		"length" : 171,
		"genre_id" : 1,
		"revenue" : 1777530,
		"director_id" : 1
	},
	{
		"id" : 405,
		"created_at" : "2007-05-04 09:11:45",
		"updated_at" : "1977-10-29 07:08:12",
		"title" : "Quo occaecati et.",
		"awards" : 1,
		"release_date" : "2003-03-29 00:00:00",
		"length" : 175,
		"genre_id" : 1,
		"revenue" : 278297882,
		"director_id" : 1
	},
	{
		"id" : 406,
		"created_at" : "1976-10-21 08:02:30",
		"updated_at" : "2008-01-20 07:14:30",
		"title" : "Voluptatem sed autem quam numquam.",
		"awards" : 14,
		"release_date" : "2003-10-25 00:00:00",
		"length" : 179,
		"genre_id" : 1,
		"revenue" : 25309956,
		"director_id" : 1
	},
	{
		"id" : 407,
		"created_at" : "1973-03-03 19:03:01",
		"updated_at" : "2000-01-17 18:03:43",
		"title" : "Exercitationem sit maiores.",
		"awards" : 23,
		"release_date" : "1970-08-15 00:00:00",
		"length" : 126,
		"genre_id" : 1,
		"revenue" : 113829982,
		"director_id" : 1
	},
	{
		"id" : 408,
		"created_at" : "2019-05-10 11:56:48",
		"updated_at" : "1974-08-07 21:08:02",
		"title" : "Quasi totam quae.",
		"awards" : 20,
		"release_date" : "1972-09-18 00:00:00",
		"length" : 113,
		"genre_id" : 1,
		"revenue" : 175046056,
		"director_id" : 1
	},
	{
		"id" : 409,
		"created_at" : "1998-07-30 14:05:10",
		"updated_at" : "2010-01-24 04:31:12",
		"title" : "Iste id eius.",
		"awards" : 20,
		"release_date" : "1991-10-25 00:00:00",
		"length" : 234,
		"genre_id" : 1,
		"revenue" : 17835458,
		"director_id" : 1
	},
	{
		"id" : 410,
		"created_at" : "2009-11-21 06:25:11",
		"updated_at" : "2009-05-03 02:46:00",
		"title" : "Officiis quaerat nemo eos.",
		"awards" : 8,
		"release_date" : "1990-04-15 00:00:00",
		"length" : 209,
		"genre_id" : 1,
		"revenue" : 4431426,
		"director_id" : 1
	},
	{
		"id" : 411,
		"created_at" : "2010-02-12 10:19:27",
		"updated_at" : "1987-06-29 00:41:20",
		"title" : "Natus natus ipsum voluptate.",
		"awards" : 28,
		"release_date" : "2013-01-30 00:00:00",
		"length" : 188,
		"genre_id" : 1,
		"revenue" : 226373377,
		"director_id" : 1
	},
	{
		"id" : 412,
		"created_at" : "1985-01-26 10:49:49",
		"updated_at" : "1982-04-20 10:23:15",
		"title" : "Corporis qui.",
		"awards" : 27,
		"release_date" : "1980-10-03 00:00:00",
		"length" : 116,
		"genre_id" : 1,
		"revenue" : 102162940,
		"director_id" : 1
	},
	{
		"id" : 413,
		"created_at" : "1998-05-31 17:24:56",
		"updated_at" : "1970-07-11 02:59:59",
		"title" : "Repellendus sequi sed.",
		"awards" : 8,
		"release_date" : "1975-04-30 00:00:00",
		"length" : 214,
		"genre_id" : 1,
		"revenue" : 91523974,
		"director_id" : 1
	},
	{
		"id" : 414,
		"created_at" : "1980-10-01 17:41:34",
		"updated_at" : "1987-07-17 14:21:47",
		"title" : "Magnam eos voluptatem.",
		"awards" : 11,
		"release_date" : "2009-04-17 00:00:00",
		"length" : 112,
		"genre_id" : 1,
		"revenue" : 96367643,
		"director_id" : 1
	},
	{
		"id" : 415,
		"created_at" : "2018-12-11 19:19:31",
		"updated_at" : "1984-02-27 11:08:39",
		"title" : "Vero qui porro non.",
		"awards" : 7,
		"release_date" : "2017-06-13 00:00:00",
		"length" : 180,
		"genre_id" : 1,
		"revenue" : 37053047,
		"director_id" : 1
	},
	{
		"id" : 416,
		"created_at" : "2009-08-13 23:38:08",
		"updated_at" : "1992-10-11 22:58:42",
		"title" : "Deserunt harum.",
		"awards" : 9,
		"release_date" : "1989-09-11 00:00:00",
		"length" : 117,
		"genre_id" : 1,
		"revenue" : 232050527,
		"director_id" : 1
	},
	{
		"id" : 417,
		"created_at" : "2013-09-18 07:52:54",
		"updated_at" : "2014-12-08 03:35:34",
		"title" : "Tenetur et deleniti possimus eos.",
		"awards" : 27,
		"release_date" : "1977-08-16 00:00:00",
		"length" : 208,
		"genre_id" : 1,
		"revenue" : 261020505,
		"director_id" : 1
	},
	{
		"id" : 418,
		"created_at" : "1977-01-08 16:28:51",
		"updated_at" : "2010-12-19 12:44:38",
		"title" : "Minus nulla sapiente.",
		"awards" : 4,
		"release_date" : "1984-10-31 00:00:00",
		"length" : 205,
		"genre_id" : 1,
		"revenue" : 208279814,
		"director_id" : 1
	},
	{
		"id" : 419,
		"created_at" : "1989-04-13 22:05:19",
		"updated_at" : "1983-07-01 20:22:14",
		"title" : "Rerum et necessitatibus dolores.",
		"awards" : 14,
		"release_date" : "1976-07-02 00:00:00",
		"length" : 197,
		"genre_id" : 1,
		"revenue" : 223408940,
		"director_id" : 1
	},
	{
		"id" : 420,
		"created_at" : "1985-05-28 16:09:45",
		"updated_at" : "2009-06-21 13:47:47",
		"title" : "Recusandae tenetur.",
		"awards" : 21,
		"release_date" : "2017-07-16 00:00:00",
		"length" : 108,
		"genre_id" : 1,
		"revenue" : 41225671,
		"director_id" : 1
	},
	{
		"id" : 421,
		"created_at" : "1977-11-16 13:55:57",
		"updated_at" : "2008-06-23 23:27:35",
		"title" : "Id et sit.",
		"awards" : 14,
		"release_date" : "2010-04-27 00:00:00",
		"length" : 111,
		"genre_id" : 1,
		"revenue" : 113639947,
		"director_id" : 1
	},
	{
		"id" : 422,
		"created_at" : "1987-05-07 19:29:43",
		"updated_at" : "2001-12-06 06:50:45",
		"title" : "Non assumenda omnis.",
		"awards" : 19,
		"release_date" : "1999-06-02 00:00:00",
		"length" : 187,
		"genre_id" : 1,
		"revenue" : 149653193,
		"director_id" : 1
	},
	{
		"id" : 423,
		"created_at" : "2004-12-23 04:37:35",
		"updated_at" : "2018-10-08 22:09:19",
		"title" : "Consequatur assumenda doloremque exercitationem.",
		"awards" : 1,
		"release_date" : "1993-10-02 00:00:00",
		"length" : 212,
		"genre_id" : 1,
		"revenue" : 69711197,
		"director_id" : 1
	},
	{
		"id" : 424,
		"created_at" : "2010-05-11 01:44:42",
		"updated_at" : "1987-03-28 20:38:17",
		"title" : "Soluta consectetur quis mollitia.",
		"awards" : 18,
		"release_date" : "2007-09-12 00:00:00",
		"length" : 147,
		"genre_id" : 1,
		"revenue" : 247387036,
		"director_id" : 1
	},
	{
		"id" : 425,
		"created_at" : "1977-06-20 23:53:30",
		"updated_at" : "2010-09-21 14:18:23",
		"title" : "Neque dolores et quae.",
		"awards" : 23,
		"release_date" : "1996-04-01 00:00:00",
		"length" : 116,
		"genre_id" : 1,
		"revenue" : 264963825,
		"director_id" : 1
	},
	{
		"id" : 426,
		"created_at" : "2005-09-11 06:50:21",
		"updated_at" : "2017-09-27 06:25:37",
		"title" : "Id in.",
		"awards" : 5,
		"release_date" : "1999-02-01 00:00:00",
		"length" : 233,
		"genre_id" : 1,
		"revenue" : 23882356,
		"director_id" : 1
	},
	{
		"id" : 427,
		"created_at" : "2010-01-28 08:56:44",
		"updated_at" : "1994-05-08 13:03:26",
		"title" : "Aliquam aliquam quo assumenda non.",
		"awards" : 29,
		"release_date" : "1992-11-22 00:00:00",
		"length" : 235,
		"genre_id" : 1,
		"revenue" : 117661190,
		"director_id" : 1
	},
	{
		"id" : 428,
		"created_at" : "1982-05-29 04:18:12",
		"updated_at" : "2007-06-25 19:42:07",
		"title" : "Aut harum cupiditate in.",
		"awards" : 14,
		"release_date" : "2003-12-19 00:00:00",
		"length" : 169,
		"genre_id" : 1,
		"revenue" : 50697313,
		"director_id" : 1
	},
	{
		"id" : 429,
		"created_at" : "1971-10-17 09:34:31",
		"updated_at" : "1993-04-22 10:18:33",
		"title" : "Impedit repellat enim.",
		"awards" : 13,
		"release_date" : "2014-03-04 00:00:00",
		"length" : 118,
		"genre_id" : 1,
		"revenue" : 233248194,
		"director_id" : 1
	},
	{
		"id" : 430,
		"created_at" : "1980-06-21 10:19:59",
		"updated_at" : "1978-02-14 02:11:03",
		"title" : "Molestiae expedita ut.",
		"awards" : 18,
		"release_date" : "1995-03-19 00:00:00",
		"length" : 161,
		"genre_id" : 1,
		"revenue" : 18336068,
		"director_id" : 1
	},
	{
		"id" : 431,
		"created_at" : "1974-05-20 08:03:30",
		"updated_at" : "2002-12-24 03:47:08",
		"title" : "Fugiat aut eum.",
		"awards" : 21,
		"release_date" : "1988-11-26 00:00:00",
		"length" : 140,
		"genre_id" : 1,
		"revenue" : 51936660,
		"director_id" : 1
	},
	{
		"id" : 432,
		"created_at" : "1997-07-16 01:20:44",
		"updated_at" : "1973-10-24 09:42:43",
		"title" : "Eos facilis aliquam.",
		"awards" : 25,
		"release_date" : "1988-10-17 00:00:00",
		"length" : 103,
		"genre_id" : 1,
		"revenue" : 190535248,
		"director_id" : 1
	},
	{
		"id" : 433,
		"created_at" : "1986-08-22 17:52:28",
		"updated_at" : "1976-10-04 12:29:37",
		"title" : "Beatae numquam perspiciatis omnis.",
		"awards" : 28,
		"release_date" : "1995-03-15 00:00:00",
		"length" : 149,
		"genre_id" : 1,
		"revenue" : 240328344,
		"director_id" : 1
	},
	{
		"id" : 434,
		"created_at" : "2002-04-21 05:52:24",
		"updated_at" : "2012-08-27 09:55:26",
		"title" : "Nihil soluta.",
		"awards" : 6,
		"release_date" : "1976-10-16 00:00:00",
		"length" : 160,
		"genre_id" : 1,
		"revenue" : 141354501,
		"director_id" : 1
	},
	{
		"id" : 435,
		"created_at" : "1986-05-15 06:40:59",
		"updated_at" : "2012-06-14 08:28:30",
		"title" : "Debitis velit nihil.",
		"awards" : 5,
		"release_date" : "2001-07-12 00:00:00",
		"length" : 240,
		"genre_id" : 1,
		"revenue" : 26864107,
		"director_id" : 1
	},
	{
		"id" : 436,
		"created_at" : "1978-04-26 13:09:47",
		"updated_at" : "1986-06-09 15:51:29",
		"title" : "Eveniet vel saepe unde et.",
		"awards" : 7,
		"release_date" : "2016-12-14 00:00:00",
		"length" : 110,
		"genre_id" : 1,
		"revenue" : 254690714,
		"director_id" : 1
	},
	{
		"id" : 437,
		"created_at" : "1988-03-27 15:31:52",
		"updated_at" : "1990-10-13 08:24:24",
		"title" : "Voluptatibus tenetur quas.",
		"awards" : 7,
		"release_date" : "1995-03-29 00:00:00",
		"length" : 232,
		"genre_id" : 1,
		"revenue" : 141209381,
		"director_id" : 1
	},
	{
		"id" : 438,
		"created_at" : "1990-03-15 20:40:49",
		"updated_at" : "2015-02-01 04:19:23",
		"title" : "Sed sapiente alias officia.",
		"awards" : 8,
		"release_date" : "1995-08-31 00:00:00",
		"length" : 184,
		"genre_id" : 1,
		"revenue" : 12011345,
		"director_id" : 1
	},
	{
		"id" : 439,
		"created_at" : "2003-02-04 03:43:25",
		"updated_at" : "1976-04-15 20:45:21",
		"title" : "Voluptatem quia vel.",
		"awards" : 29,
		"release_date" : "1977-03-21 00:00:00",
		"length" : 135,
		"genre_id" : 1,
		"revenue" : 75453200,
		"director_id" : 1
	},
	{
		"id" : 440,
		"created_at" : "2015-05-30 12:32:50",
		"updated_at" : "1999-02-11 00:40:25",
		"title" : "Saepe soluta velit alias.",
		"awards" : 5,
		"release_date" : "2001-08-17 00:00:00",
		"length" : 100,
		"genre_id" : 1,
		"revenue" : 288353305,
		"director_id" : 1
	},
	{
		"id" : 441,
		"created_at" : "1994-02-26 07:57:53",
		"updated_at" : "2005-08-10 10:40:47",
		"title" : "In dolor quibusdam.",
		"awards" : 34,
		"release_date" : "1970-01-28 00:00:00",
		"length" : 222,
		"genre_id" : 1,
		"revenue" : 81364539,
		"director_id" : 1
	},
	{
		"id" : 442,
		"created_at" : null,
		"updated_at" : null,
		"title" : "Parasite",
		"awards" : 7,
		"release_date" : "2019-08-09 00:00:00",
		"length" : 120,
		"genre_id" : 6,
		"revenue" : 1223312312,
		"director_id" : 1
	}
]
